2269 3773
531 197 635 281 28
930 194 1035 303 ρ.
1094 191 1409 274 Horatii
1467 192 1764 276 Flacci.·

617 323 834 385 Tiburis
876 324 1066 382 umbra
1101 321 1202 380 tui.
1244 321 1453 380 Teucer
1492 322 1795 398 Salamina,
1826 323 2152 399 patremque

767 393 915 452 Cum
953 395 1195 466 fugeret,
1238 412 1418 451 tamen
1459 393 1562 451 uda
1597 396 1769 468 Lyaeo

619 464 900 538 Tempora
920 466 1150 536 populea
1182 463 1351 522 fertur
1372 464 1587 523 vinxiffe
1618 467 1815 525 corona
1833 511 1850 539 ,

766 538 851 595 Sic
885 538 1055 595 tristes
1076 535 1269 594 affatus
1304 537 1538 595 amicos:

523 610 769 685 25.Qu6
807 629 902 666 nos
935 628 1166 679 cumque
1204 606 1337 666 feret
1380 608 1571 680 melior
1608 608 1848 668 Fortuna
1886 627 2160 685 parente,

761 680 996 751 Ibimus,
1041 678 1087 740 ὃ,
1118 678 1283 749 socii,
1328 680 1685 751 comitesque3

614 751 713 811 Nil
743 750 1126 822 desperandum
1157 750 1372 808 Teucro
1392 750 1526 808 duce
1544 796 1559 822 ‚
1596 760 1650 809 &
1682 752 1889 823 auspice
1913 752 2160 814 Teucro.

521 829 529 834 ’
765 824 963 881 Certus
1001 822 1149 879 enim
1191 822 1431 892 promifit
1471 825 1671 892 Apollo

522 924 529 930 ·
620 895 958 964 Ambiguarn
978 894 1166 951 teliure
1202 894 1644 953 novfi·8alan1ina
1668 894 1927 956 futuram.

474 1019 477 1020 γ
520 991 614 1043 30,
757 967 812 1023 O
850 964 1014 1023 fortes
1036 1010 1051 1037 ‚
1086 965 1379 1049 pejoraque
1400 964 1523 1036 paffi
1757 992 1761 996 ·

515 1098 525 1106 ,
619 1038 843 1097 Mecum
878 1037 1011 1107 saepe
1050 1037 1149 1093 vrri
1172 1081 1188 1107 ,
1224 1056 1364 1112 nunc
1403 1036 1532 1093 vino
1571 1035 1754 1107 pellite
1785 1057 1969 1099 curas:

766 1107 904 1168 Cras
938 1109 1125 1181 ingens
1156 1108 1468 1168 iterabimus
1507 1128 1709 1180 aequor.

512 1363 523 1374 ·
596 1372 680 1407 21.
721 1355 916 1404 Teucer.
952 1352 1116 1415 Aiacis
1161 1351 1336 1401 fratrer
1360 1388 1375 1413 ,
1410 1351 1552 1413 eujus
1593 1366 1798 1400 mortem
1847 1353 1960 1413 quia
2020 1354 2162 1404 ultus

525 1438 637 1472 non
673 1434 807 1483 etat,
847 1419 928 1467 vel
971 1418 1083 1478 quia
1116 1419 1240 1479 patri
1271 1418 1330 1465 in
1353 1416 1681 1479 suspicionem
1706 1418 1765 1465 de
1785 1416 1957 1466 fratris
1998 1433 2162 1468 morte

528 1499 731 1535 venerat
758 1520 774 1546 ,
815 1500 929 1533 eum
966 1483 1203 1530 Telamon
1244 1496 1378 1544 pater
1412 1482 1556 1543 Troia
1600 1485 1771 1529 eversa
1796 1518 1812 1543 ,
1860 1483 2155 1531 redeuntem

523 1553 586 1599 “in
615 1550 814 1613 patriam
842 1547 1129 1597 Salaminem
1149 1582 1163 1607 ‚
1207 1547 1392 1605 (Insula
1416 1546 1481 1594 est
1510 1548 1712 1598 Graeciae
1738 1563 1909 1595 contra
1943 1548 2160 1595 Atticam

530 1617 588 1663 in
629 1615 750 1663 sinu
792 1613 1023 1661 Saronico
1061 1616 1231 1660 urbem
1279 1614 1467 1659 habens
1499 1612 1852 1674 cognominem
1877 1611 1920 1671 ‚)
1967 1612 2166 1677 ingres-

522 1681 588 1728 -su
627 1678 894 1740 prohibuit.
930 1685 1114 1728 Teucer
1145 1675 1383 1740 profugus
1414 1677 1466 1723 iu
1504 1681 1721 1738 cyprum
1753 1678 2044 1739 contendit,
2073 1678 2161 1727 ubi

521 1750 714 1809 ‚noram
748 1746 917 1794 urbem
957 1742 1182 1791 condidit
1224 1757 1366 1803 quam
1412 1741 1707 1794 Salaminem
1743 1758 1935 1803 quoque
1985 1743 2162 1806 appel-

532 1808 675 1858 lavit.
710 1808 836 1856 Vide
868 1809 1005 1857 Oden
1048 1821 1126 1870 13.

602 1889 683 1924 22.
720 1872 885 1937 Lycto.
903 1873 1113 1922 Bacchus
1153 1886 1350 1920 vocatur
1373 1878 1478 1934 Lyae
1490 1886 1547 1919 us
1578 1870 1610 1918 a
1644 1874 1794 1920 verbo
1818 1876 1987 1921 Graeeo
2015 1870 2119 1921 λύω
2140 1911 2160 1938 ,

525 1940 670 2007 Jblvo
694 1976 711 2001 ,
748 1940 861 2000 quia
898 1953 1034 1986 curas
1074 1937 1129 1987 Sc
1163 1952 1407 1985 erumnas
1439 1936 1652 1986 discutit.

606 2020 688 2062 24.
745 2001 981 2067 Populati.
1024 2009 1087 2050 In
1132 2002 1295 2064 epulis
1350 2018 1555 2049 coronas
1604 2002 1934 2064 adhibebant,
1987 2019 2044 2052 ex
2087 2020 2167 2052 ar-

542 2074 660 2121 bore
712 2068 890 2132 populo
913 2104 928 2129 ,
967 2067 1228 2130 (peuplier)
1263 2082 1382 2125 quae
1414 2069 1597 2114 Baccho
1634 2082 1734 2114 erat
1769 2067 1916 2116 sacra.
1961 2070 2166 2118 Herculi

541 2136 705 2185 eadem
742 2134 918 2181 addieta
955 2147 1083 2193 erat;
1128 2133 1174 2180 is
1216 2131 1353 2180 enim
1409 2148 1464 2179 ex
1499 2130 1679 2179 inferis
1726 2133 1948 2181 detulisse
1988 2135 2045 2179 ad
2078 2134 2160 2182 su·

522 2216 688 2261 ‚peres
720 2199 906 2262 primus
940 2196 1218 2255 ferebatur,
1263 2193 1373 2244 eum
1417 2197 1533 2244 inde
1571 2199 1834 2244 Cerberum
1877 2200 2166 2250 extraheret.

545 2272 709 2326 Itaque
736 2264 973 2328 vifitores,
1023 2278 1105 2310 aut
1139 2261 1222 2325 qui
1266 2278 1370 2309 rem
1423 2262 1695 2326 quampiam
1739 2261 2060 2325 periculosam
2083 2278 2170 2328 ag-

1016 2535 1689 2651 Ona-VII.

551 2721 811 2807 Lydiam
858 2723 1163 2802 increpat,
1228 2713 1388 2801 quod
1445 2717 1709 2803 Sybarin
1759 2739 1960 2783 amore
2018 2723 2178 2786 malo
2223 2756 2224 2779 ι

599 2808 959 2892 implicatum
987 2807 1058 2869 ab
1099 2807 1348 2892 honestis
1372 2806 1887 2873 exercitationibus
1912 2830 2135 2876 avocet.

652 2946 907 3066 LYmA
945 3002 1065 3077 dic,
1096 3023 1192 3074 per
1225 3024 1412 3062 omnes

800 3075 886 3131 Te
922 3073 1070 3134 Deos
1108 3097 1241 3147 oro,
1277 3076 1506 3150 Sybarin
1546 3096 1640 3135 eur
1668 3088 1923 3150 properes
1950 3081 2180 3140 amando

655 3145 908 3217 ludere?
940 3167 1032 3203 cur
1048 3148 1285 3218 apricum

855 3216 1047 3275 Oderit
1104 3238 1389 3351 calogium,
1441 3221 1662 3293 patiens
1715 3221 1980 3296 pulveris,
2020 3242 2179 3295 atque

815 3311 822 3317 ·
1266 3313 1289 3349 ι
1311 3337 1324 3350 .
