2269 3773
550 148 725 245 Lib.
785 147 902 233 ῙῙ.
951 146 1220 229 Satira
1280 143 1443 229 III.
1641 171 1799 254 411

190 286 672 372 demonstraverit
713 284 864 344 ratio
885 325 907 357 ,
952 275 1312 360 inhonestum
1339 276 1595 333 amorem
1645 277 1812 356 quid·

188 376 333 434 dam
380 370 495 459 eſj‘e
552 373 739 455 magis
761 365 989 452 puerile
1016 411 1039 444 ,
1094 361 1270 447 quam
1318 361 1522 444 isthaec
1562 364 1808 440 omnia,

181 482 376 546 neque
400 464 482 522 ad
499 464 734 520 modum
761 456 971 539 distare
991 493 1008 521 ‚
1052 445 1252 513 utricm
1276 495 1293 528 ,
1332 443 1584 532 aliquem
1610 447 1812 508 ludum

186 549 422 633 qualem
445 544 619 611 modo
660 541 1104 608 commemoravi
1128 588 1152 620 ,
1177 538 1347 598 ludas
1380 556 1495 598 tres
1523 538 1817 599 duntaxat

188 658 380 700 annos
413 655 583 699 natus
601 683 623 714 ,
666 655 743 700 an
760 631 1046 716 grandior
1064 625 1409 710 lacrymeris
1430 626 1590 704 turpi
1615 643 1813 686 amore

187 727 457 788 irretitus
478 749 504 804 ;
519 724 574 808 fi
610 726 763 786 ratio
793 769 814 798 ‚
856 721 1134 803 inquam,
1179 713 1289 775 lzoc
1325 712 1434 775 tibi
1470 712 1817 794 ostenderitj

188 833 395 898 quoero
435 833 571 875 num
603 811 682 894 fis
724 811 877 870 idem
921 799 1194 887 fac-Jurus
1215 847 1238 880 ,
1286 800 1448 881 quod
1482 800 1626 873 olim
1649 796 1812 879 fecit

186 899 446 964 Polemo
473 949 494 980 ,
545 893 678 961 ciem
712 894 782 978 se
807 897 898 956 ‘ad
922 890 1220 954 meliorem
1247 885 1489 971 frugem
1534 889 1807 968 recepit,

186 1009 269 1048 an
316 990 669 1073 depositurus
697 986 779 1070 fis
803 980 1114 1045 amatoriae
1155 975 1312 1037 illius
1333 973 1581 1055 insaniae
1606 993 1806 1057 notaS,

191 1073 253 1136 δ’
278 1077 594 1157 crepundia
611 1122 633 1153 ‚
660 1069 883 1136 cubital
903 1117 925 1148 ‚
945 1064 1235 1150 fasciolas
1255 1109 1272 1142 ,
1286 1061 1522 1142 focalia
1546 1081 1565 1125 .·
1591 1083 1804 1146 quem-

184 1165 509 1240 admodum,
549 1162 651 1224 ille
692 1176 974 1224 narratur
988 1153 1103 1238 fibi
1149 1153 1368 1226 leniter
1402 1145 1432 1209 ὲ
1482 1151 1676 1233 capite
1709 1153 1813 1214 de*

188 1248 440 1335 traxtffe
482 1252 708 1336 floreas
759 1250 1046 1322 coronas,
1085 1239 1186 1301 ubi
1232 1235 1270 1300 a
1318 1240 1591 1322 magistro
1615 1285 1637 1315 ,
1686 1238 1810 1298 lto-

182 1343 347 1401 mine
373 1339 777 1421 temperantia?
797 1331 1113 1419 singularis
1138 1374 1157 1406 ,
1187 1324 1577 1389 acerbioribus
1616 1324 1806 1388 verbis

143 1488 146 1489 ⁷
184 1430 500 1514 castigatus
527 1425 663 1508 suit
700 1471 719 1505 ‚
769 1419 903 1485 ciem
930 1417 1001 1501 se
1055 1416 1150 1478 illi
1176 1409 1345 1497 sorti
1380 1415 1518 1475 vino
1569 1431 1809 1498 gravem

183 1512 484 1600 obtuliffiet
506 1513 845 1599 aliquando.
894 1511 1004 1570 Da
1028 1507 1184 1567 irato
1200 1521 1387 1584 puero
1417 1520 1604 1582 poma
1625 1546 1648 1578 ,
1681 1499 1808 1583 rest-

164 1607 318 1685 puit
338 1627 361 1683 ;
403 1603 460 1687 fi
497 1601 728 1664 blandis
764 1617 970 1683 urgeas
1005 1589 1282 1665 vocibus,
1345 1587 1601 1650 animale
1660 1590 1746 1649 mi
1769 1636 1798 1670 ,

181 1711 331 1772 cape
368 1709 388 1753 .·
440 1711 558 1753 non
581 1686 783 1770 sumet
822 1705 842 1748 .·
879 1684 937 1767 si
981 1682 1179 1743 eadem
1227 1675 1322 1738 illi
1366 1697 1486 1739 non
1530 1675 1799 1760 offeras,

181 1795 325 1840 utne
347 1780 585 1859 expetit.
612 1773 837 1841 Annon
863 1773 957 1857 isti
982 1762 1500 1849 puerofimillimus
1521 1765 1605 1845 est
1622 1784 1802 1823 ama-

183 1882 320 1946 tor,
349 1861 484 1929 tam
522 1863 806 1932 deliberat
827 1853 1024 1953 utrum
1073 1856 1248 1917 adeat
1273 1871 1453 1916 necne
1475 1848 1800 1932 faeminam

182 1976 320 2039 quae
370 1951 558 2035 ipsum
607 1949 835 2034 expulit
874 1967 893 2010 τ
945 1947 1029 2008 ad
1069 1960 1246 2027 qnam
1295 1938 1462 1999 ultro·
1506 1940 1801 1999 rediturus

179 2062 315 2105 erat
339 2088 357 2120 ,
393 2042 450 2127 fi
488 2041 557 2102 ab
605 2060 675 2101 ea
701 2059 816 2101 non
865 2043 1280 2098 revocaretur:
1328 2044 1537 2105 anceps
1541 2019 1803 2108 subsistit

180 2134 269 2201 ad
309 2127 513 2210 invisa>
557 2126 759 2189 domas
813 2123 992 2185 limen
1027 2166 1052 2199 ,
1100 2114 1202 2192 δ’,
1247 2113 1461 2198 Egone
1487 2112 1749 2193 ,inquit
1769 2159 1795 2191 ,

178 2220 327 2282 illuc
363 2240 482 2281 non
517 2213 612 2277 ibo
639 2263 661 2292 ,
710 2213 890 2276 etiam
929 2227 1051 2271 tum
1071 2251 1093 2283 ‚
1138 2200 1272 2265 cum
1301 2197 1515 2283 sponte
1557 2217 1647 2258 me
1688 2220 1802 2257 νο-

152 2326 284 2390 ,cat
308 2304 345 2371 ?
383 2327 460 2368 an
487 2298 695 2385 potius
738 2301 1009 2364 nuncium
1052 2291 1210 2355 illius
1245 2286 1532 2371 amicitiae
1561 2287 1802 2365 penitas

181 2397 482 2459 remittam
507 2438 529 2471 ,
584 2388 639 2453 ἃ
663 2386 892 2470 mifirae
916 2400 1086 2467 atque
1109 2374 1342 2460 infelici
1395 2375 1542 2436 vita?
1596 2371 1792 2453 finem

181 2485 481 2566 imponam
527 2474 563 2541 ?
611 2472 904 2559 Exclufits
951 2469 1021 2533 ab
1060 2488 1128 2528 ea
1161 2463 1401 2548 fueram
1426 2508 1444 2540 ‚
1493 2480 1644 2522 nunc
1683 2480 1798 2522 re·-

180 2591 420 2636 vocor:
460 2568 606 2652 quid
648 2583 820 2650 agam
866 2556 903 2624 ?
967 2553 1162 2622 redibo
1215 2548 1251 2615 ?
1300 2552 1443 2614 Non
1490 2546 1727 2629 faciam
1774 2593 1796 2629 ,

181 2662 445 2748 quamvis
468 2672 597 2716 oret
623 2672 714 2714 me
741 2668 913 2734 atque
938 2646 1261 2729 obtestetur.
1312 2635 1405 2700 At
1439 2634 1639 2718 videsis
1649 2632 1796 2716 ser-

180 2749 377 2811 vulum
444 2745 584 2807 hero
623 2738 738 2822 suo
798 2736 966 2819 longe
1007 2727 1450 2813 sapientiorem.
1507 2724 1562 2785 Ο
1607 2723 1744 2784 ltere
1768 2770 1794 2802 ‚

178 2842 409 2920 inquit,
450 2831 683 2914 frustra
730 2826 955 2890 ratione
999 2837 1194 2904 regere
1240 2834 1311 2875 ac
1356 2827 1513 2873 certo
1558 2810 1794 2893 confilio

177 2929 250 2990 id
284 2923 424 2998 velis
445 2967 467 3000 ,
517 2923 581 2980 in
609 2919 719 3000 quo
750 2910 904 2977 nihil
939 2909 1020 2994 est
1064 2903 1284 2970 rationi
1312 2896 1370 2961 ἃ
1394 2896 1627 2981 confilio
1653 2897 1792 2959 Ioci.

177 3013 446 3080 Laborat
492 3007 585 3070 his
626 3002 796 3064 malis
846 3016 1015 3062 amor
1040 3013 1058 3056 .·
1083 3011 1256 3057 -nunc
1280 2983 1547 3072 jaHatur
1591 2985 1740 3062 bello
1764 3031 1790 3065 ,

175 3124 332 3176 nunc
363 3117 513 3181 pace
528 3088 876 3175 perfruitur.
907 3085 1085 3167 Quod
1092 3080 1147 3167 fi
1184 3073 1318 3162 -quis
1340 3078 1474 3160 istas
1501 3075 1649 3136 vices
1673 3093 1792 3134 non

155 3193 370 3256 ‚minus
392 3188 645 3250 incertas
670 3176 727 3241 ἃ
763 3173 1075 3240 mutationi
1101 3167 1417 3316 obngxiaS,
1460 3157 1634 3247 quarn
1658 3177 1793 3232 tur-t

1295 3270 1338 3327 ι]
1526 3288 1530 3291 <
