2269 3773
511 252 629 334 ⁷54
919 226 1024 336 Q.
1087 208 1409 307 Horatii
1461 224 1748 313 Flacci.

517 350 692 422 15.Et
723 348 918 429 tollens
950 372 1183 410 vacuum
1216 354 1339 423 plus
1382 353 1552 432 nimio
1595 354 1786 413 Gloria
1821 356 2085 418 verticem
2094 402 2125 432 ,

611 424 919 495 Arcanique
950 424 1108 481 Fides
1142 424 1370 497 prodiga
1393 469 1411 495 ,
1453 427 1773 496 perlucidior
1810 429 1969 489 vitro.

515 661 670 694 catur.
705 650 904 707 Cornu,
955 664 1018 695 un
1054 661 1213 696 cornet
1248 666 1261 694 :
1295 660 1562 711 tympana,
1615 655 1697 700 des
1737 658 1981 701 tambours
2003 688 2020 713 ,
2062 660 2159 708 des

2040 718 2059 736 .

422 721 430 729 ·
511 716 764 774 rymbales.

571 774 906 838 Berecynthio.
941 776 1275 840 Berecynthus
1329 792 1475 824 mons
1507 792 1609 825 erat
1647 779 1881 843 Phrygiae
1901 817 1916 842 ‚
1956 780 2012 828 in
2045 799 2155 843 quo
2183 807 2204 824 ο

505 840 697 901 Cybele
737 840 984 904 colebatur
1028 856 1053 886 a
1091 842 1459 902 Corybantibus
1485 877 1501 903 ,
1554 858 1736 891 cornua
1791 843 1848 893 &
1904 859 2153 910 tympana

503 905 724 951 dementi
764 904 930 952 sonitu
963 905 1298 966 pulsantibus.

573 984 653 1027 15.
699 965 928 1017 Vacuum.
962 977 1141 1017 Levem
1161 1004 1176 1029 ‚
1197 984 1505 1032 arrogantem
1525 1006 1541 1032 ,
1569 972 1841 1032 prudentia·
1868 989 2150 1037 expertem.

570 1034 654 1082 16.
689 1030 859 1082 fides.
898 1039 1026 1081 Cura
1050 1033 1219 1082 arcani
1248 1034 1572 1083 conservandi
1610 1035 1667 1086 &
1686 1036 1764 1086 lex
1783 1075 1798 1099 ,
1830 1054 1938 1100 quae
1978 1039 2013 1087 fi
2034 1040 2151 1088 vio-

525 1194 2149 1259 Q

926 1345 1006 1425 O
1068 1374 1124 1426 D
1190 1374 1237 1435 E
1354 1344 1715 1458 XVII.

615 1527 1014 1602 Maecenatem
1055 1523 1272 1586 invitat
1314 1523 1400 1583 ad
1419 1519 1728 1615 frugalem
1769 1546 2025 1594 caenam.

2042 1630 2067 1650 Ο

597 1639 811 1753 Vm
845 1692 1062 1779 potabis
1095 1690 1316 1750 modicis
1337 1691 1596 1750 Sabinum

599 1766 921 1837 Cantha-ns,
964 1763 1151 1822 Graecfi
1183 1762 1325 1836 quod
1358 1784 1465 1835 ego
1507 1764 1615 1834 ipse
1654 1766 1786 1825 testi

598 1838 899 1898 Conditum
932 1835 1073 1907 levi,
1107 1836 1263 1894 datus
1303 1836 1359 1892 in
1393 1833 1612 1895 theatro

815 1909 963 1969 Cum
1003 1908 1100 1966 tibi
1131 1908 1381 1981 plausuS,
1747 1966 1758 1975 ,

506 2003 555 2057 5.
614 1981 756 2039 Care
796 1980 1111 2051 Moeccnas,
1153 2000 1342 2051 eque53
1386 1995 1449 2037 ut
1486 1980 1694 2049 paterni

595 2053 859 2111 Fluminis
891 2055 1050 2124 ripae‚
1089 2051 1242 2109 fimul
1277 2061 1327 2107 ὅ(
1360 2051 1539 2119 jocosa

594 2125 862 2185 Redderet
898 2123 1080 2184 laudes
1123 2123 1220 2180 tibi
1258 2122 1509 2181 Vaticani

566 2369 613 2404 1.
649 2354 899 2404 Sabinum.
925 2351 1093 2401 Sabini
1120 2386 1142 2413 ,v
1175 2351 1383 2414 populus
1409 2351 1565 2399 Italiae
1602 2368 1706 2399 non
1733 2353 1899 2414 procul
1929 2355 2089 2402 Romi
2109 2388 2129 2416 ,

498 2424 564 2469 ob
585 2422 828 2479 antiquam
864 2418 1161 2479 probitatem
1185 2432 1354 2465 notus.
1403 2422 1466 2465 In
1498 2432 1667 2465 eorum
1695 2433 1810 2481 agro
1835 2418 2012 2469 vinum
2042 2420 2133 2469 de-

497 2485 695 2542 terioris
745 2497 876 2530 notae
910 2482 1229 2546 gignebatur.
1263 2480 1338 2528 Ibi
1371 2481 1566 2528 Horatii
1607 2496 1707 2530 erat
1737 2483 1934 2531 villula.

562 2563 612 2597 2.
652 2547 934 2597 cantharis.
975 2547 1251 2595 cantharus
1290 2545 1410 2594 vilis
1444 2546 1510 2593 est
1540 2562 1703 2609 patera
1722 2582 1737 2607 ,
1764 2549 1990 2597 modicus
2010 2548 2128 2613 scy-

530 2616 640 2662 huS.

495 2631 528 2678 p
565 2677 757 2727 Groecd.
801 2683 838 2725 E
870 2684 1009 2723 Samo
1063 2675 1222 2724 insuia
1272 2675 1473 2723 Graeciae
1499 2709 1515 2736 ‚
1559 2674 1884 2724 afferebantur
1928 2676 2129 2726 eximin

501 2744 633 2792 tessae
655 2780 669 2804 ‚
704 2743 790 2791 seu
831 2742 940 2789 vasa
975 2740 1164 2789 fletilia.
1707 2787 1714 2792 ,
1849 2784 1855 2789 .

566 2823 611 2872 3.
647 2807 786 2858 Levi.
822 2812 862 2854 Α
905 2810 1057 2854 verbo
1112 2805 1221 2853 lino
1247 2840 1264 2867 ,
1318 2808 1563 2865 cacheter,·
1615 2809 1832 2862 boucher-
1880 2806 2001 2855 Pice
2039 2808 2124 2857 vel

495 2873 648 2937 gypso
682 2872 979 2921 inducebant
1012 2871 1283 2928 corticem,
1317 2886 1411 2930 quo
1440 2870 1623 2931 lagena
1670 2887 1725 2917 os
1773 2871 2120 2922 claudebatur:

493 2941 826 2997 notabantque
868 2935 924 2984 in
975 2936 1086 2998 pice
1139 2951 1326 2982 nomen
1372 2934 1605 2981 Consulis
1663 2935 1744 2995 qui
1789 2950 1892 2983 tum
1925 2941 2129 2999 gerebat

491 3002 854 3065 magistratum3
878 3014 933 3047 ut
961 2999 1184 3062 intelligi
1218 2999 1366 3061 posset
1403 3014 1564 3047 annus
1588 3033 1602 3056 ,
1641 3016 1736 3059 quo
1763 3000 1936 3047 vinum
1961 3000 2129 3050 fuisset

491 3068 767 3116 conditum.
824 3065 953 3113 Hinc
998 3065 1189 3125 relino,
1235 3065 1285 3112 id
1334 3063 1401 3112 est
1450 3064 1687 3111 corticem
1731 3064 1787 3113 &
1835 3065 2125 3127 operculum

493 3134 740 3194 amphorae
774 3129 900 3176 tollo
922 3163 937 3190 ‚
966 3131 1180 3194 refigno.

565 3196 797 3245 Theatra.
831 3196 1093 3243 Theatrum
1142 3193 1392 3243 dicebatur
1441 3194 1706 3242 aediftcium
1752 3193 1806 3242 in
1847 3195 2123 3257 hemicycli

489 3262 697 3310 formam
735 3260 1055 3309 consttutium
1077 3295 1091 3320 ,
1150 3258 1376 3308 constans
1410 3259 1563 3306 variis
1604 3258 1871 3323 gradibus,
1909 3257 1967 3309 &
2002 3262 2121 3308 sub-

486 3327 647 3379 seniis
671 3362 689 3392 ,
727 3326 858 3379 unde
875 3324 981 3376 ludi
1002 3324 1187 3378 scenici
1209 3323 1563 3389 spectabantur.
1588 3324 1848 3373 Interdum
1883 3324 2125 3388 accipitur
