2269 3773
444 253 611 341 370.
845 216 1164 301 Horatii
1202 216 1657 300 Satirarum

447 352 739 419 80.A1tet,
782 347 873 406 ubi
913 344 1058 404 dieto
1091 345 1248 419 citius
1286 362 1467 404 curata
1500 345 1678 418 sopori

538 421 791 483 Membra
809 417 953 478 dedit
970 463 988 491 ,
1024 438 1247 488 vegetus
1265 417 1565 489 ptaescripta
1589 416 1655 474 ad
1677 416 1864 474 munia
1883 415 2083 487 surgit.

538 497 644 555 Hic
664 512 843 552 tamen
865 489 931 548 ad
958 490 1152 563 melius
1173 491 1367 558 poterit
1396 488 1749 546 transcurrere
1778 487 2090 561 quondam,

537 567 663 625 Sive
698 563 842 622 diem
877 560 1071 618 festum
1112 559 1319 618 rediens
1354 559 1622 618 advexerit
1652 581 1854 632 aimus,

536 641 644 697 Seu
680 654 912 694 recreare
946 635 1092 690 volet
1133 649 1412 690 tenuatum
1450 652 1675 701 corpu53
1722 632 1881 689 ubive

449 708 820 785 85.Accedent
847 704 968 762 anni
988 749 1006 774 ,
1052 712 1105 761 &
1142 704 1358 765 transsati
1387 702 1602 760 moilius
1634 720 1792 784 aetas·

540 780 810 840 Imbecilla
830 778 996 835 volet.
1033 775 1162 832 Tibi
1189 775 1442 845 quidnam
1464 774 1675 832 accedet
1692 773 1758 831 ad
1780 775 1932 831 istam
1950 819 1967 847 ,

537 854 727 981 guam
760 868 929 921 puer,
965 855 1020 904 δι
1054 845 1583 917 validuspraesumis,
1621 844 1951 904 mollitiem?
1989 846 2084 904 seu

585 921 691 981 ‘uta
731 918 984 977 valetudo
1026 918 1312 986 inciderit,
1351 916 1441 973 se‘u
1479 916 1628 987 tarda
1673 918 1955 976 senecias?

443 1039 452 1044 -
538 991 838 1059 Rancidum
861 1007 1049 1061 aptum
1070 989 1278 1059 antiqui
1295 988 1579 1052 laudabant
1599 1033 1614 1059 ,
1650 1011 1758 1046 non
1779 989 1905 1058 quia
1924 989 2084 1047 nasus

438 1066 665 1137 ‚90.1nis
705 1067 882 1188 numi?
907 1076 1042 1189 serat
1057 1060 1196 1132 ,·sed
1217 1104 1236 1134 ,
1274 1058 1432 1118 credo
1459 1103 1479 1131 ,
1530 1058 1631 1118 hac
1666 1076 1851 1117 mente
1872 1103 1889 1133 ,
1931 1059 2083 1132 quod
2112 1064 2113 1067 ’

871 1156 903 1190 o
967 1151 1020 1189 es

541 1204 598 1261 T
599 1203 775 1263 ardius
805 1154 1087 1262 advei’aiens
1108 1247 1124 1275 ,
1163 1202 1413 1277 vitiatum
1456 1200 1795 1260 commodius
1820 1203 1984 1274 quam

537 1275 819 1348 Integtum
854 1276 990 1360 edax
1021 1275 1273 1333 dominus
1311 1274 1663 1333 consumeret.
1714 1276 1834 1332 Hos
1870 1274 2086 1334 utinam

852 1367 987 1406 mter

537 1418 746 1477 Heroas
781 1438 965 1477 natum
997 1419 1157 1476 tellus
1194 1437 1286 1474 me
1319 1416 1493 1487 prima
1531 1414 1759 1475 tulisset!
1867 1470 1873 1476 .

437 1554 442 1557 .
534 1487 650 1545 Das
688 1489 1116 1561 aliquidsamae,
1158 1509 1274 1560 quae
1307 1487 1537 1547 carmine
1576 1489 1783 1558 gratior
1817 1506 2007 1546 aurem

440 1559 789 1629 95.0ccupat
808 1559 1099 1618 humanam
1118 1566 1142 1618 ‘3
1160 1560 1387 1631 grandes
1407 1557 1621 1617 rhombi
1703 1559 1850 1630 patin
1939 1579 2005 1616 ue

435 1652 442 1659 ·
540 1629 754 1687 Grande
790 1630 970 1689 ferunt
1012 1632 1118 1689 una
1159 1651 1283 1688 eum
1329 1632 1528 1690 damno
1564 1605 1807 1691 dedecus,
1845 1631 1900 1687 A
1938 1629 2008 1688 de

535 1700 739 1758 Iratum
774 1723 1057 1772 patruum,
1099 1703 1306 1763 vicinos
1325 1749 1341 1777 ,
1383 1720 1435 1759 te
1474 1703 1570 1760 tibi
1609 1703 1682 1760 ini
1724 1723 1894 1774 uum,

537 1773 615 1828 Et
645 1773 848 1835 ,frustra
899 1775 1093 1833 mortis
1137 1775 1428 1847 cupidum,
1467 1795 1637 1845 quum
1722 1775 1853 1839 ecrit
1897 1774 2086 1847 egenti

537 1842 656 1918 As,
698 1845 872 1917 laquei
906 1845 1158 1917 pretium.
1206 1847 1374 1922 Iure,
1418 1846 1626 1920 inquis,
1669 1845 1930 1906 Traufius
1973 1847 2089 1905 istis

449 1916 849 1988 100.Jurgatur
888 1918 1096 1986 verbis3
1142 1940 1250 2003 ego
1290 1919 1575 1991 vetRigalia
1613 1939 1844 1993 magna,

441 2005 450 2010 “
536 1988 878 2061 Divitiasque
909 1989 1082 2046 habeo
1121 1992 1290 2049 tribus
1326 1991 1528 2061 amplas
1558 1990 1793 2062 regibus,
1830 1992 1983 2064 Ergo

536 2059 706 2187 guod
727 2059 935 2131 superat
956 2105 972 2130 ,
1009 2082 1118 2119 non
1138 2065 1214 2120 est
1243 2062 1434 2121 ‘melius
1456 2083 1566 2134 quo
1584 2063 1847 2122 insumere
1867 2063 2070 2134 possis?

595 2151 658 2188 ut
696 2149 823 2205 eget
858 2132 1112 2204 indignus
1151 2134 1427 2205 quisquam
1452 2178 1469 2204 ,
1510 2152 1566 2192 te
1594 2133 1803 2198 divite?
1843 2156 2011 2206 quare

535 2201 770 2275 Templa
792 2225 952 2264 ruunt
971 2204 1193 2276 antiqua
1220 2206 1448 2264 Deum?
1484 2226 1577 2265 cur
1589 2250 1610 2276 ,
1642 2207 1886 2277 improbe
1904 2252 1922 2280 ,
1946 2227 2086 2267 catae

429 2292 571 2347 τος.
591 2273 719 2332 Non
755 2276 953 2348 aliquid
993 2277 1184 2334 Patriae
1227 2295 1378 2335 tanto
1409 2280 1641 2338 emetiris
1675 2284 1902 2339 acervo?

540 2345 654 2402 Uni
694 2347 948 2406 nimitum
987 2347 1130 2405 tecte
1168 2348 1267 2406 tibi
1301 2349 1505 2419 semper
1542 2351 1699 2408 erunt
1735 2356 1860 2410 res‘.²

536 2415 596 2471 O
623 2437 854 2490 magnus
883 2419 1100 2491 posthac
1129 2420 1359 2484 inimicis
1388 2421 1553 2482 risus!
1597 2438 1784 2479 uterne

533 2486 626 2545 Ad
665 2489 811 2549 casus
845 2491 1034 2550 dubios
1068 2490 1199 2550 fidet
1238 2492 1331 2549 fibi
1364 2495 1596 2552 certius?
1629 2492 1716 2550 hic
1737 2537 1756 2563 ,
1799 2494 1893 2565 qui

529 2556 777 2618 Pluribus
827 2563 1044 2621 affuerit
1099 2580 1378 2639 mentem,
1416 2565 1711 2638 corpusque
1752 2565 2079 2637 fi1perbum;

437 2661 2064 2694 mm

427 2757 432 2763 .
501 2726 586 2772 99.
615 2709 861 2776 Traqfius.
888 2714 1086 2776 Aliquis
1111 2733 1271 2780 nepos
1299 2717 1555 2767 dissolutus
1573 2755 1588 2780 ,
1616 2718 1845 2778 idemque
1871 2735 2077 2782 pauper.

505 2786 619 2823 100.
652 2773 902 2841 surgatur.
944 2782 1175 2830 Patiendi
1213 2784 1634 2848 significationem
1690 2786 1836 2832 habet
1874 2786 1970 2833 hoe
2018 2784 2081 2836 in.

434 2834 549 2886 loco
587 2853 682 2887 vox
715 2842 824 2891 ista.
866 2844 1198 2910 Obiurgatur,
1246 2849 1640 2907 reprehenditur.

504 2899 791 2978 Veflt'galia.
843 2913 938 2956 Pro
980 2911 1130 2961 censu
1156 2948 1172 2975 ,
1207 2912 1525 2978 latifundiis,
1584 2929 1754 2963 annuo
1805 2927 2063 2977 proventu

435 2969 735 3029 praediorum
754 3009 769 3033 ,
808 2971 915 3024 &c.

499 3047 613 3090 107.
654 3034 849 3088 Uter-ne.
885 3047 982 3088 Pro
1009 3076 1024 3101 ‚
1060 3055 1193 3091 uter.
1322 3053 1323 3056 ’

498 3097 611 3147 108.
635 3098 778 3151 Fidet
796 3103 908 3168 fibi.
949 3107 1183 3156 Confidet
1213 3108 1263 3156 se
1284 3108 1567 3174 perfugium
1594 3108 1651 3159 in
1685 3112 1835 3160 rebus
1857 3110 2075 3159 adverus

431 3163 712 3214 habiturum
745 3180 764 3212 e
815 3183 918 3218 non
950 3170 1153 3227 abiiciet
1186 3173 1428 3223 animum.

500 3242 610 3292 109.
645 3229 925 3294 Superbum.
943 3241 1091 3286 Lauto
1123 3235 1264 3289 cultu
1286 3239 1509 3304 victuque
1534 3256 1715 3305 corpus
1744 3222 1965 3305 superbit
1982 3275 2007 3307 ,
2026 3255 2080 3292 ae

431 3291 570 3346 velut
601 3295 860 3358 effetatur.
1417 3304 1423 3310 “
