2269 3773
594 127 770 263 Lib.
833 175 1001 266 m.
1060 175 1367 264 odet.
1603 207 1768 297 143

134 306 527 414 infoecunda,
582 309 641 375 δ’
668 313 1008 399 sterilitatis
1033 309 1171 397 suae
1208 311 1441 395 culpam
1473 313 1779 397 conserens

136 395 323 463 modo
372 404 436 464 in
496 397 823 463 uberiorem
877 399 1174 483 imbrem,
1224 396 1403 464 modo
1464 401 1527 463 in
1577 405 1781 488 aestum

138 489 442 581 nimium,
492 488 565 551 ab
593 489 883 574 sideribus
916 510 1154 574 campos
1196 488 1490 553 urentibus
1523 490 1784 572 prosec-

143 567 276 638 ‘tum
304 624 327 657 ,
378 594 485 639 aut
528 577 593 640 in
633 578 864 664 hyemis
907 578 1302 643 acerbitatem.
1368 578 1472 641 En
1506 576 1619 638 tibi
1657 577 1786 639 ali-

145 666 283 747 quis
323 683 541 728 terram
575 663 893 752 fastidiens
932 665 1150 749 saxeas
1194 666 1375 728 moles
1416 666 1679 728 demittit
1719 666 1785 728 in

146 771 365 831 mare,
407 750 572 839 cujus
597 754 803 837 Jpatia
838 753 1110 819 contrahi
1141 753 1335 837 pisces
1375 755 1626 817 attoniti
1645 772 1793 836 per-

134 839 686 930 sentiscunt51stis
725 841 973 906 molibus
999 846 1401 946 redemptores
1439 838 1500 904 ἃ
1547 842 1788 906 Archi-

52 987 57 991 .
152 926 339 1008 tec‘li,
377 950 504 991 cum
528 932 754 1016 ingenti
774 936 1178 1014 operariorum
1200 928 1583 1014 &servorum
1612 952 1791 994 manu

141 1013 436 1099 saxorum
461 1016 742 1101 caesorum
786 1039 1020 1083 acervos
1044 1021 1353 1101 imponunt
1389 1019 1472 1080 ad
1506 1037 1794 1082 extruen-

159 1106 301 1167 dum
343 1105 684 1189 oedificium.
728 1110 857 1171 Sed
884 1129 997 1193 quo
1025 1110 1251 1169 demum
1276 1107 1380 1192 iste
1401 1109 1666 1190 pertinet
1686 1109 1792 1172 la·-

160 1190 324 1256 bor.
312 1186 347 1235 7
398 1193 688 1275 pallentes
742 1216 946 1277 curoe,
996 1198 1235 1258 timores
1281 1198 1629 1280 impotentes
1653 1242 1676 1275 ,
1733 1193 1798 1258 δ’

164 1278 407 1379 efferati
448 1284 633 1346 animi
665 1303 903 1363 motus,
952 1283 1216 1346 homines
1254 1282 1548 1365 improbos
1588 1284 1798 1367 ubique

151 1364 641 1453 persequuntur:
678 1393 809 1435 cum
855 1374 932 1435 iis
971 1368 1364 1452 conscendunt
1406 1391 1624 1451 nates,
1667 1393 1801 1433 cum

163 1456 377 1545 iisdem
420 1458 648 1523 licerent
688 1461 753 1521 in
807 1481 998 1545 equo,
1049 1455 1108 1520 δ’
1138 1478 1298 1540 pone
1330 1456 1557 1541 finient.
1626 1455 1809 1542 Quod

154 1523 213 1630 si
238 1565 345 1607 nec
378 1548 534 1608 oedes
574 1547 852 1634 Phrygio
878 1567 1169 1610 marmore
1212 1544 1480 1627 intec'loe,
1526 1568 1632 1610 nec
1661 1548 1802 1631 ves-

170 1654 260 1696 tes
307 1641 551 1718 quarum
592 1655 858 1718 purpura
905 1635 1024 1698 luci
1077 1637 1361 1722 astrorum
1409 1637 1566 1699 nihil
1621 1639 1803 1699 dece-

168 1724 329 1801 dat,·
373 1743 554 1807 neque
580 1723 839 1788 Falerna
872 1727 1057 1802 vina,
1107 1742 1212 1786 aut
1236 1727 1442 1785 odores
1478 1746 1553 1787 ex
1591 1726 1808 1790 ultimi!

173 1808 420 1893 Perfide
449 1811 659 1896 accetf
657 1831 705 1874 tt
728 1859 753 1893 ,
806 1831 1145 1877 maerentem
1191 1815 1448 1874 animum
1481 1811 1701 1897 sanare
1736 1835 1809 1878 ac

173 1897 363 1959 lenire
393 1895 680 1983 poffiint;
724 1903 870 1985 quid
899 1905 981 1987 est
1016 1921 1125 1964 cur
1144 1898 1549 1982 sumptuosam
1591 1900 1647 1964 δ’
1687 1925 1812 1965 ma-

169 1987 458 2086 gnificam
504 2007 771 2051 extruere
816 1993 1051 2050 domum
1098 1988 1270 2051 velim
1295 2035 1317 2067 ‚
1383 2009 1515 2090 quae
1560 2006 1651 2050 me
1696 1991 1813 2051 ob-

175 2077 425 2137 noxium
475 2078 717 2138 invidiae
759 2073 1020 2140 reddat?
1068 2095 1175 2136 cur
1220 2075 1423 2137 villam
1471 2080 1534 2137 in
1582 2077 1814 2142 Sabinis

176 2182 374 2224 meam
410 2183 737 2245 permutem
774 2186 904 2226 cum
951 2163 1176 2226 divitiis
1220 2162 1545 2246 ingentibus
1588 2209 1608 2243 ,
1671 2185 1816 2248 quas

178 2270 396 2386 magn?
437 2273 838 2334 compararem
891 2250 1091 2315 labore
1129 2296 1151 2333 ,
1217 2247 1449 2336 majore
1497 2249 1817 2337 conserva-

180 2358 351 2404 rem.

201 2586 341 2716 O
386 2651 593 2718 Amici
618 2702 640 2734 ‚
686 2639 1248 2757 affiiefi‘atferendis
1273 2651 1530 2739 molesta?
1551 2626 1622 2713 ac
1653 2649 1827 2713 labo·-

194 2734 376 2824 riosae
397 2746 768 2825 paupertatis
801 2745 1093 2806 oerumnis
1112 2739 1494 2822 adolescens,
1538 2743 1638 2823 qui
1670 2760 1831 2802 trac·-

162 2849 293 2892 ”tat
340 2852 507 2893 arma
553 2829 616 2894 ἃ
655 2832 849 2893 valido
898 2831 979 2914 est
1014 2850 1318 2913 corpore,·
1380 2825 1621 2912 laceffat
1668 2845 1832 2891 acres

192 2919 517 2998 Parthos,
569 2916 627 2982 δ’
677 2940 819 3005 equo
857 2918 1150 3000 fremente
1202 2918 1267 2980 in
1317 2914 1472 3000 ipsos
1534 2914 1830 2996 ιιιιετῖιιε,

194 3027 404 3076 eorum
439 3009 623 3071 aciem
669 3007 886 3092 infesta
916 3006 1228 3091 proturbet
1267 3007 1455 3090 hasta.
1502 3006 1730 3068 Mediis
1770 3007 1837 3067 in

168 3094 521 3179 periculis,
556 3094 668 3179 sub
692 3114 896 3178 aperto
926 3100 1107 3174 αὲ”,ι·ε
1143 3091 1327 3177 parc>
1352 3115 1421 3157 ac
1461 3096 1689 3156 duriter
1733 3093 1838 3154 vi-
1929 3119 1946 3129 ·

198 3202 326 3246 vat.
373 3183 553 3246 Illum
586 3206 660 3247 ex
703 3184 926 3272 lzostilis
965 3183 1124 3247 urbis
1157 3204 1322 3247 muro
1362 3181 1699 3265 conspicata
1737 3200 1842 3242 re·-

174 3276 291 3360 gis
355 3270 636 3357 barbari,
683 3276 874 3337 medio
915 3273 981 3337 in
1019 3271 1251 3359 agmine
1275 3271 1601 3358 pugnantis
1635 3285 1839 3349 uxor,
