2269 3773
569 214 746 303 Lib.
807 215 879 301 t.
939 214 1211 301 satira
1270 191 1439 303 IV.
1589 243 1828 332 '301‘

180 371 275 417 me
303 371 486 437 pates·
521 375 679 419 meus
714 355 1006 441 instituit,
1054 356 1144 416 ita
1168 374 1261 416 me
1284 350 1630 439 affites'ecit,
1678 351 1816 419 ciem
1899 367 1908 372 ’

183 441 457 526 adversus
509 444 662 506 vitia
706 465 797 505 me
851 445 1133 530 instruens
1190 446 1458 527 exempla
1502 446 1815 528 unicuique

177 532 331 593 vitio
387 535 830 595 accommodata
867 550 1246 614 proponeret.
1306 536 1408 596 Ita
1443 581 1466 614 ,
1533 526 1668 595 cism
1723 553 1817 594 me

186 620 620 686 adhortabatur
681 640 750 683 ut
791 621 1213 706 parsimoniam
1276 641 1349 683 ac
1396 622 1818 709 frugalitatem

170 705 476 792 sedarer,
515 731 691 795 utque
738 710 1034 790 modicis,
1080 730 1225 793 quas
1276 708 1400 792 ipfi.
1446 712 1595 774 milti
1646 731 1822 772 com-

174 796 447 885 parasset
471 847 493 880 ,
530 798 800 882 fortunis
832 816 1136 862 contentus
1158 844 1180 876 ,
1230 800 1545 880 ampliores
1586 819 1658 861 ne
1681 821 1818 881 ap-

85 901 99 915 ’
180 903 443 967 peterem
481 934 501 968 ‚
565 890 778 974 ecquid
815 890 1005 951 cernis
1026 935 1049 968 ,
1095 887 1398 972 inquiebat
1441 937 1464 971 ,
1524 907 1592 951 ut
1647 887 1827 951 Albii

173 974 349 1057 filius
391 978 572 1040 vitam
614 974 912 1060 infelicem
968 997 1038 1038 ac
1069 972 1415 1056 probrosam
1462 980 1622 1039 vivat
1658 970 1697 1039 ?
1753 994 1824 1040 ut

185 1066 417 1133 Barrus
454 1068 536 1128 ad
563 1070 866 1153 egestatem
908 1061 1164 1127 reda-:7115
1191 1063 1276 1148 fit
1300 1060 1337 1127 ,Ρ
1378 1067 1656 1128 nimirum
1681 1067 1826 1129 hinc

189 1154 478 1226 docentur
518 1158 720 1219 coeteri
765 1176 834 1217 ac
882 1171 1235 1231 monentur,
1288 1175 1359 1216 ne
1393 1156 1823 1237 patrimonium

176 1239 561 1325 profundant
583 1289 602 1324 ,
651 1241 711 1306 f?
757 1262 1025 1325 acceptas
1060 1236 1099 1300 ὰ
1139 1236 1459 1324 majoribus
1491 1263 1627 1326 opes
1662 1243 1826 1306 dila·-

173 1332 414 1413 pident.
474 1331 558 1393 Ut
599 1353 689 1394 me
742 1328 780 1393 ὰ
812 1328 986 1412 sada
1027 1327 1312 1409 libidine,
1359 1351 1432 1392 ac
1476 1334 1826 1395 meretriciis

188 1418 489 1481 amoribus
532 1423 879 1498 deterreret,
924 1415 1095 1497 noli,
1146 1415 1382 1499 aiebat,
1413 1418 1519 1502 fili
1545 1465 1567 1498 ,
1611 1418 1824 1482 Seda-

190 1526 333 1569 rtum
361 1509 590 1571 imitari
626 1527 645 1570 .·
685 1529 751 1572 ut
778 1509 848 1570 ab
890 1505 1180 1570 adulterio
1207 1507 1654 1587 dehortaretur,
1689 1503 1826 1571 citm

177 1590 416 1680 poffem
449 1595 713 1681 legitimo
749 1594 886 1679 frui
926 1596 1306 1659 matrimonio
1327 1643 1348 1675 ,
1385 1595 1645 1679 ponebat
1676 1599 1828 1660 mihi

192 1702 336 1746 ante
380 1685 574 1746 oculos
627 1686 1022 1765 Trebonium,
1064 1686 1167 1771 qui
1192 1682 1575 1769 deprehenfies
1613 1686 1676 1747 in
1683 1686 1827 1771 fla-

186 1773 347 1858 gitio
387 1769 624 1859 peffimi
667 1775 826 1856 apud
867 1795 1064 1837 omnes
1109 1775 1360 1838 audiret.
1417 1772 1826 1856 Philosophi,

200 1859 478 1941 dicebat,
528 1882 822 1944 exponent
873 1861 983 1928 tibi
1031 1861 1233 1947 causas
1261 1911 1279 1943 ,
1332 1881 1510 1948 quare
1557 1863 1668 1924 lzoc
1702 1861 1829 1944 su-

109 1956 116 1963 ’
191 1951 473 2035 giendum
504 1951 586 2036 fit
623 2000 647 2032 ,
709 1951 866 2014 illud
903 1955 1286 2036 expetendum
1323 1974 1347 2031 ‚·
1413 1951 1564 2011 milti
1605 1947 1834 2036 sufficit

200 2040 498 2124 instituere
543 2058 600 2101 te
642 2041 735 2101 ad'
771 2061 897 2102 eum
938 2061 1158 2103 morem
1203 2060 1274 2101 ac
1322 2042 1555 2100 modum
1583 2083 1605 2115 ‚
1658 2060 1828 2122 quem

198 2126 371 2190 nobis
425 2145 640 2189 veteres
679 2129 1088 2207 tradiderunt,
1134 2149 1205 2188 ac
1257 2144 1418 2189 tuam
1456 2128 1692 2203 vitamL
1706 2125 1830 2206 fa·-

202 2235 472 2298 mamque
514 2214 584 2276 ab
630 2218 790 2279 omni
837 2215 966 2278 labe
1006 2214 1313 2299 defendere
1340 2261 1361 2294 ,
1404 2216 1540 2275 dum
1584 2230 1834 2299 utraque

196 2303 289 2387 est
327 2301 618 2367 imbecilla
659 2301 716 2365 f?
760 2302 990 2366 rei-ioris
1030 2301 1386 2391 custodisque
1419 2302 1609 2363 adhuc
1654 2322 1828 2389 eget:

196 2390 305 2453 ubi
362 2393 678 2455 adoleveris
697 2439 719 2473 ‚
772 2413 843 2455 ac
889 2409 1109 2476 tempus
1150 2390 1335 2475 ipfitm
1360 2438 1382 2469 ‚
1432 2409 1638 2473 corpus
1684 2392 1832 2453 ani-

196 2500 472 2565 mumque
525 2499 687 2543 tuum
738 2480 1243 2562 corroboraverit,
1288 2498 1430 2542 tunc
1457 2500 1574 2562 per
1608 2497 1664 2539 te
1709 2477 1836 2562 ipse

184 2566 394 2652 sapies
429 2616 452 2649 ,
517 2589 698 2654 neque
752 2568 959 2632 alienis
1006 2572 1325 2654 praeceptis
1378 2565 1678 2655 indigebis.
1728 2571 1836 2631 Sic

161 2663 169 2670 '
187 2658 518 2741 pueritiam
579 2677 767 2719 meam
813 2655 1180 2742 sapientibus
1248 2658 1488 2721 monitis
1552 2653 1832 2743 regebat,

190 2764 418 2829 parens
459 2748 708 2829 optimus
734 2792 755 2825 ,
806 2743 862 2808 G·
889 2747 1009 2830 five
1042 2767 1133 2809 me
1167 2748 1250 2807 ad
1271 2746 1615 2830 faciendum
1649 2748 1834 2830 quid-

193 2834 368 2915 piam
407 2836 684 2897 incitaret
713 2881 732 2912 ‚
784 2839 1056 2897 continuo
1096 2836 1246 2896 mihi
1291 2833 1360 2896 ob
1395 2834 1591 2898 oculos
1606 2854 1837 2915 ponens

204 2921 461 3007 aliquem
495 2920 522 2984 ὲ
537 2920 962 3007 specYatiffi'mis
982 2921 1274 3004 judicibus
1293 2969 1309 3001 ,
1339 2922 1509 2984 habes
1533 2971 1555 3003 ‚
1597 2926 1839 3009 inquic-

206 3007 312 3071 bat
350 3059 371 3089 ,
446 3008 985 3095 cujuskexemplum
1036 3008 1093 3072 δ’
1160 3009 1556 3073 αιιόἱοήῑατενη
1626 3014 1690 3074 in
1762 3012 1837 3073 ed

209 3120 275 3160 re
297 3096 591 3180 facienda
602 3096 773 3181 sequi
802 3099 981 3186 poffis
1015 3118 1035 3161 .·
1068 3098 1188 3183 five
1201 3098 1552 3181 prohibebat
1586 3121 1659 3160 ne
1694 3100 1845 3184 quid

195 3184 513 3268 facerem;
556 3186 784 3249 dubitas
825 3183 1113 3252 enimvero
1140 3226 1181 3269 ,-
1216 3188 1449 3268 aiebat,
1499 3183 1697 3252 utrum
1725 3188 1839 3250 hoc

207 3296 380 3356 turpe
428 3272 486 3339 f?
535 3274 743 3339 inutile
778 3276 863 3361 fit
905 3298 1131 3360 necne,
1182 3270 1316 3341 citm
1362 3279 1556 3340 videas
1602 3279 1675 3339 de
1725 3275 1841 3338 lzoc
