2269 3773
402 107 446 196 3
467 106 570 194 54
800 79 1118 165 Horatii
1174 85 1619 171 Satirarum

501 208 748 294 Frigore·
768 228 820 267 te
850 210 1018 272 feriat.
1054 211 1208 296 Quid
1240 234 1412 284 quum
1440 216 1517 271 est
1544 214 1781 273 Lucilius
1811 215 1974 277 ausus

501 283 713 339 Primus
735 302 790 337 m
813 281 953 340 hunc
975 305 1149 354 operis
1181 305 1504 355 componere
1538 288 1771 344 carmina
1792 294 2055 347 morem!

495 351 798 411 Detrahere
834 363 886 412 δε
921 360 1118 426 pellem
1140 400 1159 425 ‚
1199 357 1398 414 nitidus
1431 358 1537 428 quii
1571 358 1793 430 quisque
1816 381 1910 430 per
1946 382 2053 419 ora

402 424 737 497 65.Cederet
759 469 774 496 ,
817 425 1106 487 introrsum
1145 430 1353 500 turns?
1386 450 1517 485 num
1548 430 1779 500 Laelius,
1814 452 1907 489 aut
1942 434 2046 503 qui

495 497 683 579 Duxit.
698 497 763 553 ab
803 500 1043 575 oppressa
1082 501 1338 558 meritum
1379 500 1718 569 Carthagine
1757 524 2006 577 nomen,

495 569 724 650 Ingenio
756 569 980 628 ostensi?
1010 588 1104 629 aut
1138 572 1264 629 laeso
1298 572 1517 630 doluere
1547 573 1812 647 Metell0,

494 640 834 712 Famohsque
875 643 1033 713 Lupo
1075 644 1651 714 coopertoverfibus'3
1702 646 1851 716 atqui

493 711 762 795 Primores
795 716 982 795 populi
1018 714 1275 788 arripuit,
1335 718 1705 788 populumque
1746 716 2004 776 tributim
2027 762 2046 791 ,

395 803 483 855 70.
498 784 704 842 Scihcet
725 804 813 840 um
836 806 1017 858 aequus
1037 788 1221 846 virtuti
1238 833 1255 859 ,
1280 805 1441 858 atque
1467 790 1514 858 ej
1523 809 1582 846 us
1601 788 1803 848 amici&

492 854 644 936 Quin
667 856 755 912 ubi
781 858 830 912 s:
850 855 882 912 :i
904 862 1074 930 vulgo
1096 903 1112 930 ,
1152 868 1206 916 &
1239 859 1388 917 scenzi
1404 905 1419 929 ‚
1450 860 1508 917 iu
1539 861 1741 917 secreta
1761 859 2049 920 remorant

491 907 683 986 Virtus
714 928 971 999 Scipiadae
988 977 1006 1005 ,
1048 940 1103 988 δε
1139 931 1286 990 mitis
1321 931 1574 1002 sapientia
1607 932 1778 1006 Laeli,

390 1146 470 1194 sed
507 1146 535 1192 “a
556 1158 603 1195 te
627 1145 767 1194 lasus
793 1181 808 1208 ,
832 1144 888 1196 &
911 1147 1009 1209 iam
1039 1140 1304 1196 inimicus.
1338 1145 1704 1196 Hellenisunum
1735 1146 1814 1193 hic
1840 1157 2038 1192 merum

392 1211 484 1259 effe
513 1212 775 1261 contendit
804 1212 1030 1261 Heinsius
1055 1247 1070 1272 ,
1112 1213 1169 1261 δε
1195 1213 1409 1261 amicum
1450 1210 1692 1273 majorum
1720 1212 1821 1259 dici
1845 1246 1859 1270 ,
1898 1223 1991 1270 pro
2021 1240 2040 1267 ,

399 1277 559 1325 amico
604 1277 833 1341 majore:
882 1275 1056 1339 φὶλΘ
1091 1276 1195 1325 τῶν
1239 1275 1480 1338 μειζόνων
1512 1290 1523 1318 =
1570 1276 1758 1323 amicus
1785 1284 2033 1337 magnus:

395 1355 449 1389 ut
488 1345 658 1390 cuneta
697 1356 964 1404 terrarum,
1003 1357 1163 1389 amara
1200 1357 1460 1403 curarum,
1504 1339 1560 1390 &
1603 1340 1699 1388 alia
1729 1340 1783 1389 id
1826 1353 1992 1405 genus
2019 1371 2037 1400 ,

393 1421 502 1467 quae
551 1390 780 1454 Horffitius
819 1407 847 1454 h
883 1406 1069 1454 Graecis
1104 1406 1323 1467 sumpfit.

400 1504 410 1511 .
461 1470 543 1518 62.
579 1469 800 1533 Frigore.
836 1477 1029 1531 Morte,
1058 1472 1149 1530 qua
1180 1470 1418 1532 frigidIus
1451 1467 1618 1529 nihil,
1654 1483 1736 1517 aut
1783 1482 2026 1527 veneno,

391 1534 524 1594 quod
553 1535 739 1582 exitiali
772 1533 961 1598 frigore
992 1536 1202 1584 calorem
1239 1536 1462 1583 nativum
1489 1532 1544 1584 &
1564 1535 1715 1582 vitam
1744 1532 1998 1596 extinguit
2018 1549 2035 1581 ε

390 1598 460 1646 ita
483 1598 634 1661 vulgo
651 1605 970 1660 Interpretes.
1011 1599 1198 1647 Melius
1224 1598 1412 1647 fortasse
1445 1599 1759 1647 casaubonus
1787 1596 1997 1659 exponit
2019 1609 2034 1640 t

392 1677 460 1710 ne
491 1664 601 1722 quis
626 1678 886 1724 procerum
917 1664 943 1708 ‘a
966 1679 1015 1712 te
1041 1665 1346 1713 abalienetur
1364 1701 1378 1727 ,
1405 1663 1496 1712 tibi
1518 1665 1602 1711 fiat
1617 1663 1877 1712 infensior.
1904 1669 2032 1710 Per-

392 1727 492 1774 sius
525 1726 674 1774 Satira
726 1733 771 1776 Ι.
812 1727 898 1775 sub
933 1730 1117 1791 finem,
1160 1725 1347 1793 Videfis
1392 1748 1449 1778 ne
1488 1729 1725 1791 majorum
1767 1726 1857 1773 tibi
1892 1726 2032 1787 for-td

396 1790 571 1839 limina
593 1791 898 1857 frigefiant,
945 1792 1050 1842 διε.
1107 1794 1165 1842 Id
1209 1793 1275 1843 est
1298 1831 1316 1857 ,
1356 1810 1473 1843 cave
1502 1809 1567 1841 ne
1599 1808 1650 1841 te
1674 1791 1858 1855 frigide
1890 1790 2033 1840 &il-

397 1856 672 1905 liberaliter
708 1857 956 1921 accipiant
980 1895 995 1920 ,
1036 1859 1303 1908 excludant
1330 1858 1433 1908 suis
1461 1858 1650 1907 aedibus
1673 1895 1688 1919 ‚
1728 1857 1835 1908 ὅτε.

457 1923 540 1986 63.
583 1919 803 1973 Primus.
839 1924 1031 1973 Ennius
1078 1922 1140 1974 Sc
1181 1924 1425 1973 Pacuvius
1459 1939 1570 1973 ante
1612 1924 1863 1973 Lucilium
1894 1920 2022 1969 Sati·

393 2001 472 2036 ras
537 1987 823 2052 scripserant
866 1990 1097 2052 quidem,
1153 1988 1321 2038 verum
1373 1990 1563 2051 obiter,
1621 1986 1680 2038 &
1716 1988 1846 2049 quali
1894 1985 2029 2034 aliud

395 2067 636 2119 agentes,
678 2070 770 2102 nec
795 2055 861 2104 ita
903 2054 1177 2120 eleganter.
1209 2053 1428 2103 Lucilius
1465 2054 1519 2101 in
1557 2057 1652 2101 hoc
1693 2068 1877 2118 genere
1902 2051 2029 2100 scti-

395 2118 545 2168 bendi
585 2119 803 2168 versatus
832 2121 898 2168 est
925 2135 1092 2182 totus,
1134 2136 1189 2167 ac
1230 2120 1391 2167 dedita
1432 2118 1641 2168 studiose
1680 2123 1845 2181 opera.

460 2184 541 2242 64.
569 2181 774 2234 Pellem.
805 2186 882 2235 Sic
908 2191 962 2235 L.
986 2192 1029 2235 Ι.
1064 2193 1156 2246 ΕΡ.
1187 2184 1267 2231 16.
1317 2193 1369 2235 ν’.
1402 2199 1485 2245 45.
1525 2182 1673 2233 Videt
1696 2188 1817 2233 hunc
1845 2180 2027 2231 vicinia

390 2261 514 2304 tota¹
538 2250 796 2313 introrsum
837 2266 1048 2314 turpem,
1087 2248 1363 2313 speciosum
1402 2256 1535 2313 pelle
1579 2251 1769 2301 decurii.
1803 2248 1926 2300 Vide
1967 2245 2024 2297 ὅ(

397 2315 604 2362 Satiram
641 2316 820 2363 sextam
861 2316 969 2366 Lib.
1013 2324 1057 2367 I.
1099 2332 1205 2363 ver.
1248 2328 1330 2365 22.

457 2375 561 2427 Per
597 2398 701 2429 ora.
744 2387 806 2429 In
833 2382 1056 2428 omnium
1098 2380 1278 2429 oculiS.

460 2444 542 2503 65.
577 2444 782 2498 Cedet-et.
831 2448 1044 2496 Positum
1085 2444 1152 2495 est
1189 2462 1280 2509 pro
1306 2444 1591 2508 ,inec-deret.

461 2506 667 2559 Latius·
733 2510 880 2558 Caius
923 2512 1100 2559 Laelius
1124 2547 1140 2573 ,
1196 2526 1252 2558 co
1293 2525 1532 2558 nomento
1586 2508 1823 2571 Sapiens,
1880 2522 2021 2571 quem

392 2570 571 2620 Cicero
604 2575 891 2634 loquentem
926 2575 1045 2623 facit
1088 2575 1144 2623 in
1181 2526 1380 2639 diaiogo
1419 2576 1478 2622 de
1519 2573 1759 2624 amicitia.

460 2634 568 2685 Aut
586 2638 712 2750 λιὶὶ,
761 2637 865 2687 &c.
898 2639 1059 2701 Scipio
1079 2674 1094 2698 ‚
1124 2639 1391 2689 Africanus
1421 2639 1587 2688 minor
1619 2639 1791 2689 dietus.
1872 2654 1877 2658 ’

468 2700 533 2766 67
654 2708 815 2752 etello.
848 2709 910 2762 Q.
945 2704 1179 2754 Caec-ilius
1216 2705 1485 2767 Metellus,
1523 2718 1863 2768 cognomento
1905 2709 2017 2751 Ma-

393 2765 663 2816 cedonicus
686 2799 706 2831 ,
734 2782 846 2816 cum
887 2768 1116 2832 Scipione
1155 2769 1393 2820 Africano
1431 2772 1627 2819 minore
1649 2806 1666 2831 ,
1700 2768 1883 2818 Lucilii
1931 2784 2015 2829 pa·

392 2840 541 2878 trono
587 2830 645 2881 Sc
677 2832 837 2880 amico
870 2833 1003 2899 geffit
1028 2835 1358 2885 inimicitias:
1388 2852 1494 2896 quae
1526 2833 1663 2883 causa
1694 2834 1892 2882 Lucilio
1921 2831 2018 2881 fuit

393 2906 483 2941 cur
520 2895 576 2944 in
614 2912 725 2945 eum
752 2897 1090 2951 inveheretur.
1116 2902 1194 2949 Est
1224 2901 1375 2949 etiam
1415 2902 1469 2948 in
1499 2900 1683 2949 Lucilii
1728 2896 2019 2963 fragmentis

393 2958 562 3009 versus
597 2962 793 3022 quidam
816 3000 830 3024 ,
868 2981 927 3013 ex
965 2983 1060 3027 quo
1105 2966 1299 3030 yidetur
1345 2966 1521 3029 colligi
1570 2965 1699 3027 poffe
1723 3000 1738 3024 ‚
1773 2964 2017 3013 Lucilium

394 3026 619 3075 cumdem
658 3028 843 3091 aliquid
885 3030 1111 3094 scripsisse
1133 3029 1360 3079 adversus
1387 3038 1450 3092 Q.
1475 3030 1739 3080 caecilium
1762 3029 2021 3078 Metellum

396 3091 714 3143 Numidicum
736 3131 753 3156 ,
784 3096 1096 3144 Macedonici
1114 3111 1364 3157 nepotem.

460 3155 545 3212 68.
578 3156 737 3225 Lupo.
771 3161 981 3211 Publius
1018 3161 1240 3211 Rutilius
1276 3169 1441 3225 Lupus
1481 3160 1668 3211 Consul
1694 3175 1827 3210 anno
1864 3165 1933 3211 U.
1961 3164 2025 3211 0.
