<?xml version="1.0" encoding="UTF-8"?>
<!DOCTYPE html PUBLIC "-//W3C//DTD XHTML 1.0 Transitional//EN"
    "http://www.w3.org/TR/xhtml1/DTD/xhtml1-transitional.dtd">
<html xmlns="http://www.w3.org/1999/xhtml" xml:lang="en" lang="en">
 <head>
  <title>
</title>
<meta http-equiv="Content-Type" content="text/html;charset=utf-8" />
  <meta name='ocr-system' content='tesseract 3.04.00' />
  <meta name='ocr-capabilities' content='ocr_page ocr_carea ocr_par ocr_line ocrx_word'/>
</head>
<body>
  <div class='ocr_page' id='page_1' title='image "./quintihoratiifl08horagoog_0302.png"; bbox 0 0 2269 3773; ppageno 0'>
   <div class='ocr_carea' id='block_1_1' title="bbox 424 237 1648 357">
    <p class='ocr_par' dir='ltr' id='par_1_1' title="bbox 424 237 1648 357">
     <span class='ocr_line' id='line_1_1' title="bbox 424 237 1648 357; baseline -0.005 -32"><span class='ocrx_word' id='word_1_1' title='bbox 424 271 593 357; x_wconf 85' lang='lat'><strong>290</strong></span> <span class='ocrx_word' id='word_1_2' title='bbox 827 238 1148 322; x_wconf 83' lang='lat' dir='ltr'><em>Horatii</em></span> <span class='ocrx_word' id='word_1_3' title='bbox 1205 237 1648 322; x_wconf 80' lang='lat' dir='ltr'><em>Satirarum</em></span> 
     </span>
    </p>
   </div>
   <div class='ocr_carea' id='block_1_2' title="bbox 351 363 2087 2087">
    <p class='ocr_par' dir='ltr' id='par_1_2' title="bbox 351 363 2087 2087">
     <span class='ocr_line' id='line_1_2' title="bbox 525 363 1908 437; baseline -0.001 -10"><span class='ocrx_word' id='word_1_4' title='bbox 525 363 822 427; x_wconf 82' lang='lat' dir='ltr'><strong>Custodes3</strong></span> <span class='ocrx_word' id='word_1_5' title='bbox 858 364 1137 423; x_wconf 86' lang='lat' dir='ltr'><strong>videamus</strong></span> <span class='ocrx_word' id='word_1_6' title='bbox 1169 380 1289 425; x_wconf 88' lang='lat' dir='ltr'><strong>uter</strong></span> <span class='ocrx_word' id='word_1_7' title='bbox 1323 366 1443 436; x_wconf 86' lang='lat' dir='ltr'><strong>plus</strong></span> <span class='ocrx_word' id='word_1_8' title='bbox 1472 366 1697 424; x_wconf 88' lang='lat' dir='ltr'><strong>scribere</strong></span> <span class='ocrx_word' id='word_1_9' title='bbox 1731 365 1908 437; x_wconf 84' lang='lat' dir='ltr'><strong>possit.</strong></span> 
     </span>
     <span class='ocr_line' id='line_1_3' title="bbox 511 437 1948 511; baseline -0.001 -13"><span class='ocrx_word' id='word_1_10' title='bbox 511 441 591 501; x_wconf 83' lang='lat' dir='ltr'><strong>Di</strong></span> <span class='ocrx_word' id='word_1_11' title='bbox 624 439 759 496; x_wconf 87' lang='lat' dir='ltr'><strong>bene</strong></span> <span class='ocrx_word' id='word_1_12' title='bbox 792 437 1057 509; x_wconf 78' lang='lat' dir='ltr'><strong>fecerunt,</strong></span> <span class='ocrx_word' id='word_1_13' title='bbox 1091 437 1269 508; x_wconf 84' lang='lat' dir='ltr'><strong>inopis</strong></span> <span class='ocrx_word' id='word_1_14' title='bbox 1306 458 1395 494; x_wconf 89' lang='lat' dir='ltr'><strong>me</strong></span> <span class='ocrx_word' id='word_1_15' title='bbox 1416 482 1434 511; x_wconf 90' lang='lat'>‚</span> <span class='ocrx_word' id='word_1_16' title='bbox 1472 437 1724 509; x_wconf 83' lang='lat' dir='ltr'><strong>quodque</strong></span> <span class='ocrx_word' id='word_1_17' title='bbox 1764 439 1948 509; x_wconf 86' lang='lat' dir='ltr'><strong>pufilli</strong></span> 
     </span>
     <span class='ocr_line' id='line_1_4' title="bbox 511 508 1910 581; baseline -0.001 -10"><span class='ocrx_word' id='word_1_18' title='bbox 511 512 805 571; x_wconf 82' lang='lat' dir='ltr'><strong>Finxerunt</strong></span> <span class='ocrx_word' id='word_1_19' title='bbox 835 508 1033 581; x_wconf 87' lang='lat' dir='ltr'><strong>animi,</strong></span> <span class='ocrx_word' id='word_1_20' title='bbox 1061 508 1188 567; x_wconf 70' lang='lat' dir='ltr'><strong>raro</strong></span> <span class='ocrx_word' id='word_1_21' title='bbox 1230 518 1283 567; x_wconf 87' lang='lat'>&amp;</span> <span class='ocrx_word' id='word_1_22' title='bbox 1386 530 1579 580; x_wconf 86' lang='lat' dir='ltr'><strong>rpauca</strong></span> <span class='ocrx_word' id='word_1_23' title='bbox 1618 510 1910 581; x_wconf 76' lang='lat' dir='ltr'><strong>loquentis.</strong></span> 
     </span>
     <span class='ocr_line' id='line_1_5' title="bbox 515 579 1743 654; baseline -0.003 -11"><span class='ocrx_word' id='word_1_24' title='bbox 515 586 599 643; x_wconf 91' lang='lat' dir='ltr'><strong>At</strong></span> <span class='ocrx_word' id='word_1_25' title='bbox 633 600 700 639; x_wconf 76' lang='grc' dir='ltr'>ω</span> <span class='ocrx_word' id='word_1_26' title='bbox 740 580 1008 639; x_wconf 86' lang='lat' dir='ltr'><strong>conclusas</strong></span> <span class='ocrx_word' id='word_1_27' title='bbox 1040 579 1256 639; x_wconf 78' lang='lat' dir='ltr'>hircinis</span> <span class='ocrx_word' id='word_1_28' title='bbox 1320 582 1512 639; x_wconf 87' lang='lat' dir='ltr'><strong>ollibus</strong></span> <span class='ocrx_word' id='word_1_29' title='bbox 1551 602 1743 654; x_wconf 71' lang='lat' dir='ltr'><strong>aum,</strong></span> 
     </span>
     <span class='ocr_line' id='line_1_6' title="bbox 421 651 1924 726; baseline -0.001 -13"><span class='ocrx_word' id='word_1_30' title='bbox 421 654 712 726; x_wconf 85' lang='lat' dir='ltr'><strong>20.Usque</strong></span> <span class='ocrx_word' id='word_1_31' title='bbox 753 652 1053 711; x_wconf 81' lang='lat' dir='ltr'><strong>laborantes</strong></span> <span class='ocrx_word' id='word_1_32' title='bbox 1093 651 1226 710; x_wconf 85' lang='lat' dir='ltr'><strong>dum</strong></span> <span class='ocrx_word' id='word_1_33' title='bbox 1264 653 1465 711; x_wconf 86' lang='lat' dir='ltr'><strong>ferrum</strong></span> <span class='ocrx_word' id='word_1_34' title='bbox 1495 652 1709 709; x_wconf 85' lang='lat' dir='ltr'><strong>molliat</strong></span> <span class='ocrx_word' id='word_1_35' title='bbox 1742 652 1924 725; x_wconf 71' lang='lat' dir='ltr'><strong>ignia,</strong></span> 
     </span>
     <span class='ocr_line' id='line_1_7' title="bbox 499 723 1837 797; baseline -0.001 -13"><span class='ocrx_word' id='word_1_36' title='bbox 499 730 601 785; x_wconf 73' lang='lat' dir='ltr'><strong>‘Ut</strong></span> <span class='ocrx_word' id='word_1_37' title='bbox 638 724 844 793; x_wconf 76' lang='lat' dir='ltr'><strong>mavi5‚</strong></span> <span class='ocrx_word' id='word_1_38' title='bbox 881 724 1111 784; x_wconf 87' lang='lat' dir='ltr'><strong>imitare.</strong></span> <span class='ocrx_word' id='word_1_39' title='bbox 1150 724 1347 782; x_wconf 85' lang='lat' dir='ltr'>Beatus</span> <span class='ocrx_word' id='word_1_40' title='bbox 1377 723 1650 797; x_wconf 85' lang='lat' dir='ltr'><strong>Fannius,</strong></span> <span class='ocrx_word' id='word_1_41' title='bbox 1690 725 1837 782; x_wconf 88' lang='lat' dir='ltr'><strong>ultro</strong></span> 
     </span>
     <span class='ocr_line' id='line_1_8' title="bbox 519 794 1914 868; baseline -0.002 -13"><span class='ocrx_word' id='word_1_42' title='bbox 519 797 727 855; x_wconf 75' lang='lat' dir='ltr'><strong>Delatis</strong></span> <span class='ocrx_word' id='word_1_43' title='bbox 761 794 955 868; x_wconf 57' lang='lat' dir='ltr'><strong>camir,</strong></span> <span class='ocrx_word' id='word_1_44' title='bbox 996 805 1051 853; x_wconf 87' lang='lat'>&amp;</span> <span class='ocrx_word' id='word_1_45' title='bbox 1097 797 1337 867; x_wconf 85' lang='lat' dir='ltr'><strong>imagine</strong></span> <span class='ocrx_word' id='word_1_46' title='bbox 1379 818 1393 854; x_wconf 70' lang='grc' dir='ltr'><em>ε</em></span> <span class='ocrx_word' id='word_1_47' title='bbox 1432 796 1555 854; x_wconf 77' lang='lat' dir='ltr'><strong>cum</strong></span> <span class='ocrx_word' id='word_1_48' title='bbox 1590 817 1712 853; x_wconf 88' lang='lat' dir='ltr'><strong>mea</strong></span> <span class='ocrx_word' id='word_1_49' title='bbox 1749 816 1914 853; x_wconf 89' lang='lat' dir='ltr'><strong>nemo</strong></span> 
     </span>
     <span class='ocr_line' id='line_1_9' title="bbox 519 866 2073 939; baseline -0.003 -12"><span class='ocrx_word' id='word_1_50' title='bbox 519 869 727 939; x_wconf 79' lang='lat' dir='ltr'>Scripta</span> <span class='ocrx_word' id='word_1_51' title='bbox 750 869 926 938; x_wconf 81' lang='lat' dir='ltr'><strong>legat,</strong></span> <span class='ocrx_word' id='word_1_52' title='bbox 958 868 1139 939; x_wconf 73' lang='lat' dir='ltr'><strong>vulgo‘</strong></span> <span class='ocrx_word' id='word_1_53' title='bbox 1156 869 1378 926; x_wconf 88' lang='lat' dir='ltr'><strong>recitare</strong></span> <span class='ocrx_word' id='word_1_54' title='bbox 1397 868 1636 925; x_wconf 88' lang='lat' dir='ltr'><strong>timentis</strong></span> <span class='ocrx_word' id='word_1_55' title='bbox 1652 868 1723 925; x_wconf 93' lang='lat' dir='ltr'><strong>ob</strong></span> <span class='ocrx_word' id='word_1_56' title='bbox 1749 866 1885 924; x_wconf 87' lang='lat' dir='ltr'><strong>hanc</strong></span> <span class='ocrx_word' id='word_1_57' title='bbox 1908 884 2030 924; x_wconf 86' lang='lat' dir='ltr'><strong>rem</strong></span> <span class='ocrx_word' id='word_1_58' title='bbox 2052 891 2073 923; x_wconf 87' lang='lat'><em>=</em></span> 
     </span>
     <span class='ocr_line' id='line_1_10' title="bbox 522 938 2072 1016; baseline -0.002 -17"><span class='ocrx_word' id='word_1_59' title='bbox 522 940 694 1016; x_wconf 78' lang='lat' dir='ltr'><strong>Quod</strong></span> <span class='ocrx_word' id='word_1_60' title='bbox 723 938 887 997; x_wconf 76' lang='lat' dir='ltr'><strong>sunt:</strong></span> <span class='ocrx_word' id='word_1_61' title='bbox 930 959 1064 1010; x_wconf 91' lang='lat' dir='ltr'><strong>quos</strong></span> <span class='ocrx_word' id='word_1_62' title='bbox 1107 958 1280 1011; x_wconf 86' lang='lat' dir='ltr'><strong>genus</strong></span> <span class='ocrx_word' id='word_1_63' title='bbox 1314 939 1420 997; x_wconf 89' lang='lat' dir='ltr'><strong>hoc</strong></span> <span class='ocrx_word' id='word_1_64' title='bbox 1463 939 1688 997; x_wconf 86' lang='lat' dir='ltr'><strong>minime</strong></span> <span class='ocrx_word' id='word_1_65' title='bbox 1730 940 1923 1011; x_wconf 83' lang='lat' dir='ltr'><strong>juvat,</strong></span> <span class='ocrx_word' id='word_1_66' title='bbox 1967 958 2072 996; x_wconf 87' lang='lat' dir='ltr'><strong>ut·-</strong></span> 
     </span>
     <span class='ocr_line' id='line_1_11' title="bbox 445 1012 1216 1082; baseline 0 -14"><span class='ocrx_word' id='word_1_67' title='bbox 445 1052 454 1055; x_wconf 89' lang='lat'><em>-</em></span> <span class='ocrx_word' id='word_1_68' title='bbox 868 1029 996 1081; x_wconf 87' lang='lat' dir='ltr'><strong>pote</strong></span> <span class='ocrx_word' id='word_1_69' title='bbox 1037 1012 1216 1082; x_wconf 87' lang='lat' dir='ltr'><strong>plures</strong></span> 
     </span>
     <span class='ocr_line' id='line_1_12' title="bbox 351 1080 1950 1159; baseline -0.002 -20"><span class='ocrx_word' id='word_1_70' title='bbox 351 1136 368 1139; x_wconf 33' lang='grc' dir='ltr'>ι</span> <span class='ocrx_word' id='word_1_71' title='bbox 424 1082 757 1159; x_wconf 76' lang='lat' dir='ltr'><strong>25.Culpari</strong></span> <span class='ocrx_word' id='word_1_72' title='bbox 790 1080 1002 1153; x_wconf 80' lang='lat' dir='ltr'><strong>dignos,</strong></span> <span class='ocrx_word' id='word_1_73' title='bbox 1035 1083 1304 1156; x_wconf 84' lang='lat' dir='ltr'><strong>Quemvis</strong></span> <span class='ocrx_word' id='word_1_74' title='bbox 1342 1080 1517 1140; x_wconf 65' lang='lat' dir='ltr'><strong>media</strong></span> <span class='ocrx_word' id='word_1_75' title='bbox 1548 1081 1720 1151; x_wconf 80' lang='lat' dir='ltr'><strong>arripe</strong></span> <span class='ocrx_word' id='word_1_76' title='bbox 1756 1080 1950 1152; x_wconf 65' lang='lat' dir='ltr'><strong>turba,</strong></span> 
     </span>
     <span class='ocr_line' id='line_1_13' title="bbox 523 1153 2071 1226; baseline -0.002 -12"><span class='ocrx_word' id='word_1_77' title='bbox 523 1160 642 1215; x_wconf 84' lang='lat' dir='ltr'><strong>Aut</strong></span> <span class='ocrx_word' id='word_1_78' title='bbox 680 1156 751 1212; x_wconf 91' lang='lat' dir='ltr'><strong>ob</strong></span> <span class='ocrx_word' id='word_1_79' title='bbox 791 1154 1069 1211; x_wconf 86' lang='lat' dir='ltr'><strong>avaritiam</strong></span> <span class='ocrx_word' id='word_1_80' title='bbox 1090 1197 1107 1226; x_wconf 89' lang='lat'>,</span> <span class='ocrx_word' id='word_1_81' title='bbox 1152 1173 1246 1212; x_wconf 89' lang='lat' dir='ltr'><strong>aut</strong></span> <span class='ocrx_word' id='word_1_82' title='bbox 1280 1153 1471 1212; x_wconf 66' lang='lat' dir='ltr'><strong>misera</strong></span> <span class='ocrx_word' id='word_1_83' title='bbox 1497 1154 1789 1212; x_wconf 83' lang='lat' dir='ltr'><strong>ambitione</strong></span> <span class='ocrx_word' id='word_1_84' title='bbox 1824 1153 2071 1212; x_wconf 83' lang='lat' dir='ltr'><strong>laborat:</strong></span> 
     </span>
     <span class='ocr_line' id='line_1_14' title="bbox 522 1223 2083 1297; baseline -0.001 -12"><span class='ocrx_word' id='word_1_85' title='bbox 522 1229 685 1285; x_wconf 89' lang='lat' dir='ltr'><strong>Hunc</strong></span> <span class='ocrx_word' id='word_1_86' title='bbox 723 1226 862 1297; x_wconf 87' lang='lat' dir='ltr'><strong>capit</strong></span> <span class='ocrx_word' id='word_1_87' title='bbox 902 1226 1113 1297; x_wconf 85' lang='lat' dir='ltr'><strong>argenti</strong></span> <span class='ocrx_word' id='word_1_88' title='bbox 1153 1225 1399 1297; x_wconf 88' lang='lat' dir='ltr'><strong>splendor</strong></span> <span class='ocrx_word' id='word_1_89' title='bbox 1421 1269 1439 1295; x_wconf 87' lang='lat'><em>,</em></span> <span class='ocrx_word' id='word_1_90' title='bbox 1475 1228 1649 1295; x_wconf 88' lang='lat' dir='ltr'><strong>stupet</strong></span> <span class='ocrx_word' id='word_1_91' title='bbox 1683 1223 1883 1282; x_wconf 86' lang='lat' dir='ltr'><strong>Albius</strong></span> <span class='ocrx_word' id='word_1_92' title='bbox 1920 1245 2030 1282; x_wconf 80' lang='lat' dir='ltr'><strong>aere</strong></span> <span class='ocrx_word' id='word_1_93' title='bbox 2054 1247 2083 1283; x_wconf 45' lang='lat'><strong>:⁷</strong></span> 
     </span>
     <span class='ocr_line' id='line_1_15' title="bbox 525 1295 2038 1369; baseline -0.002 -12"><span class='ocrx_word' id='word_1_94' title='bbox 525 1300 631 1357; x_wconf 88' lang='lat' dir='ltr'><strong>Hic</strong></span> <span class='ocrx_word' id='word_1_95' title='bbox 671 1315 846 1356; x_wconf 84' lang='lat' dir='ltr'><strong>mutat</strong></span> <span class='ocrx_word' id='word_1_96' title='bbox 885 1317 1085 1354; x_wconf 87' lang='lat' dir='ltr'><strong>merces</strong></span> <span class='ocrx_word' id='word_1_97' title='bbox 1121 1297 1369 1369; x_wconf 84' lang='lat' dir='ltr'><strong>surgente</strong></span> <span class='ocrx_word' id='word_1_98' title='bbox 1419 1299 1451 1354; x_wconf 74' lang='lat' dir='ltr'><strong>a</strong></span> <span class='ocrx_word' id='word_1_99' title='bbox 1472 1298 1626 1369; x_wconf 87' lang='lat' dir='ltr'><strong>Sole,</strong></span> <span class='ocrx_word' id='word_1_100' title='bbox 1659 1295 1727 1353; x_wconf 88' lang='lat' dir='ltr'><strong>ad</strong></span> <span class='ocrx_word' id='word_1_101' title='bbox 1756 1317 1885 1353; x_wconf 86' lang='lat' dir='ltr'><strong>eum</strong></span> <span class='ocrx_word' id='word_1_102' title='bbox 1919 1317 2038 1367; x_wconf 86' lang='lat' dir='ltr'><strong>quo</strong></span> 
     </span>
     <span class='ocr_line' id='line_1_16' title="bbox 449 1369 2036 1441; baseline -0.002 -12"><span class='ocrx_word' id='word_1_103' title='bbox 449 1390 456 1393; x_wconf 85' lang='lat'>·</span> <span class='ocrx_word' id='word_1_104' title='bbox 527 1369 852 1441; x_wconf 85' lang='lat' dir='ltr'><strong>Vespcrtina</strong></span> <span class='ocrx_word' id='word_1_105' title='bbox 891 1386 1041 1439; x_wconf 84' lang='lat' dir='ltr'><strong>tepet</strong></span> <span class='ocrx_word' id='word_1_106' title='bbox 1083 1370 1273 1440; x_wconf 87' lang='lat' dir='ltr'><strong>regio:</strong></span> <span class='ocrx_word' id='word_1_107' title='bbox 1304 1369 1430 1440; x_wconf 88' lang='lat' dir='ltr'><strong>quin</strong></span> <span class='ocrx_word' id='word_1_108' title='bbox 1472 1389 1565 1439; x_wconf 84' lang='lat' dir='ltr'><strong>per</strong></span> <span class='ocrx_word' id='word_1_109' title='bbox 1609 1370 1751 1425; x_wconf 87' lang='lat' dir='ltr'><strong>mala</strong></span> <span class='ocrx_word' id='word_1_110' title='bbox 1794 1388 2036 1439; x_wconf 68' lang='lat' dir='ltr'><strong>praeceps</strong></span> 
     </span>
     <span class='ocr_line' id='line_1_17' title="bbox 438 1439 1923 1519; baseline -0.003 -18"><span class='ocrx_word' id='word_1_111' title='bbox 438 1443 764 1519; x_wconf 75' lang='lat' dir='ltr'><strong>30.Fertur‚</strong></span> <span class='ocrx_word' id='word_1_112' title='bbox 803 1441 882 1497; x_wconf 91' lang='lat' dir='ltr'><strong>uti</strong></span> <span class='ocrx_word' id='word_1_113' title='bbox 916 1440 1090 1509; x_wconf 87' lang='lat' dir='ltr'><strong>pulvis</strong></span> <span class='ocrx_word' id='word_1_114' title='bbox 1122 1441 1378 1497; x_wconf 60' lang='lat' dir='ltr'><strong>collecffls</strong></span> <span class='ocrx_word' id='word_1_115' title='bbox 1412 1439 1656 1508; x_wconf 83' lang='lat' dir='ltr'><strong>turbine,</strong></span> <span class='ocrx_word' id='word_1_116' title='bbox 1694 1460 1760 1495; x_wconf 88' lang='lat' dir='ltr'><strong>ne</strong></span> <span class='ocrx_word' id='word_1_117' title='bbox 1792 1439 1923 1510; x_wconf 90' lang='lat' dir='ltr'><strong>quid</strong></span> 
     </span>
     <span class='ocr_line' id='line_1_18' title="bbox 451 1510 2039 1584; baseline -0.001 -12"><span class='ocrx_word' id='word_1_118' title='bbox 451 1554 455 1559; x_wconf 76' lang='lat'>,</span> <span class='ocrx_word' id='word_1_119' title='bbox 528 1515 757 1572; x_wconf 76' lang='lat' dir='ltr'><strong>Summa</strong></span> <span class='ocrx_word' id='word_1_120' title='bbox 797 1511 1052 1581; x_wconf 82' lang='lat' dir='ltr'><strong>deperdat</strong></span> <span class='ocrx_word' id='word_1_121' title='bbox 1086 1531 1366 1584; x_wconf 86' lang='lat' dir='ltr'><strong>metucns,</strong></span> <span class='ocrx_word' id='word_1_122' title='bbox 1404 1530 1496 1569; x_wconf 92' lang='lat' dir='ltr'><strong>aut</strong></span> <span class='ocrx_word' id='word_1_123' title='bbox 1532 1510 1753 1581; x_wconf 87' lang='lat' dir='ltr'><strong>ampliet</strong></span> <span class='ocrx_word' id='word_1_124' title='bbox 1796 1528 1856 1566; x_wconf 91' lang='lat' dir='ltr'><strong>ut</strong></span> <span class='ocrx_word' id='word_1_125' title='bbox 1897 1531 2039 1570; x_wconf 86' lang='lat' dir='ltr'><strong>rem.</strong></span> 
     </span>
     <span class='ocr_line' id='line_1_19' title="bbox 534 1582 1826 1656; baseline -0.004 -13"><span class='ocrx_word' id='word_1_126' title='bbox 534 1585 744 1643; x_wconf 86' lang='lat' dir='ltr'><strong>Omnes</strong></span> <span class='ocrx_word' id='word_1_127' title='bbox 778 1582 834 1638; x_wconf 89' lang='lat' dir='ltr'><strong>hi</strong></span> <span class='ocrx_word' id='word_1_128' title='bbox 872 1603 1120 1641; x_wconf 84' lang='lat' dir='ltr'><strong>metuunt</strong></span> <span class='ocrx_word' id='word_1_129' title='bbox 1158 1583 1372 1656; x_wconf 89' lang='lat' dir='ltr'><strong>versus,</strong></span> <span class='ocrx_word' id='word_1_130' title='bbox 1418 1583 1577 1641; x_wconf 85' lang='lat' dir='ltr'><strong>odere</strong></span> <span class='ocrx_word' id='word_1_131' title='bbox 1614 1585 1826 1640; x_wconf 64' lang='lat' dir='ltr'><strong>Poetas.</strong></span> 
     </span>
     <span class='ocr_line' id='line_1_20' title="bbox 454 1652 2084 1733; baseline -0.002 -18"><span class='ocrx_word' id='word_1_132' title='bbox 454 1674 460 1679; x_wconf 87' lang='grc'><em>·</em></span> <span class='ocrx_word' id='word_1_133' title='bbox 531 1657 769 1715; x_wconf 84' lang='lat' dir='ltr'><strong>Foenum</strong></span> <span class='ocrx_word' id='word_1_134' title='bbox 807 1652 970 1710; x_wconf 84' lang='lat' dir='ltr'><strong>habet</strong></span> <span class='ocrx_word' id='word_1_135' title='bbox 1007 1655 1062 1711; x_wconf 85' lang='lat' dir='ltr'><strong>in</strong></span> <span class='ocrx_word' id='word_1_136' title='bbox 1101 1676 1303 1724; x_wconf 84' lang='lat' dir='ltr'><strong>cornu,</strong></span> <span class='ocrx_word' id='word_1_137' title='bbox 1342 1654 1509 1727; x_wconf 71' lang='lat' dir='ltr'><strong>longe</strong></span> <span class='ocrx_word' id='word_1_138' title='bbox 1539 1654 1670 1729; x_wconf 87' lang='lat' dir='ltr'><strong>fuge</strong></span> <span class='ocrx_word' id='word_1_139' title='bbox 1717 1676 1730 1712; x_wconf 90' lang='lat'>:</span> <span class='ocrx_word' id='word_1_140' title='bbox 1770 1652 2084 1733; x_wconf 80' lang='lat' dir='ltr'><strong>dummodo</strong></span> 
     </span>
     <span class='ocr_line' id='line_1_21' title="bbox 451 1725 1064 1784; baseline -0.002 -1"><span class='ocrx_word' id='word_1_141' title='bbox 451 1742 477 1749; x_wconf 68' lang='grc'><em>“</em></span> <span class='ocrx_word' id='word_1_142' title='bbox 901 1725 1064 1784; x_wconf 82' lang='lat' dir='ltr'><strong>risum</strong></span> 
     </span>
     <span class='ocr_line' id='line_1_22' title="bbox 449 1795 1979 1869; baseline -0.001 -13"><span class='ocrx_word' id='word_1_143' title='bbox 449 1816 452 1821; x_wconf 88' lang='grc'><em>·</em></span> <span class='ocrx_word' id='word_1_144' title='bbox 531 1798 785 1857; x_wconf 79' lang='lat' dir='ltr'><strong>Excutiat</strong></span> <span class='ocrx_word' id='word_1_145' title='bbox 823 1795 950 1867; x_wconf 88' lang='lat' dir='ltr'><strong>fibi,</strong></span> <span class='ocrx_word' id='word_1_146' title='bbox 996 1819 1103 1855; x_wconf 88' lang='lat' dir='ltr'><strong>non</strong></span> <span class='ocrx_word' id='word_1_147' title='bbox 1145 1795 1233 1854; x_wconf 90' lang='lat' dir='ltr'><strong>hic</strong></span> <span class='ocrx_word' id='word_1_148' title='bbox 1265 1799 1514 1869; x_wconf 85' lang='lat' dir='ltr'><strong>cuiquam</strong></span> <span class='ocrx_word' id='word_1_149' title='bbox 1550 1813 1732 1865; x_wconf 84' lang='lat' dir='ltr'><strong>parcet</strong></span> <span class='ocrx_word' id='word_1_150' title='bbox 1772 1797 1979 1868; x_wconf 83' lang='lat' dir='ltr'><strong>arnico,</strong></span> 
     </span>
     <span class='ocr_line' id='line_1_23' title="bbox 444 1868 2029 1943; baseline -0.001 -13"><span class='ocrx_word' id='word_1_151' title='bbox 444 1872 653 1943; x_wconf 80' lang='lat' dir='ltr'><strong>35.Et‚</strong></span> <span class='ocrx_word' id='word_1_152' title='bbox 691 1868 1070 1942; x_wconf 87' lang='lat' dir='ltr'><strong>quodcumque</strong></span> <span class='ocrx_word' id='word_1_153' title='bbox 1101 1868 1265 1927; x_wconf 84' lang='lat' dir='ltr'><strong>semel</strong></span> <span class='ocrx_word' id='word_1_154' title='bbox 1306 1869 1498 1929; x_wconf 75' lang='lat' dir='ltr'><strong>chartis</strong></span> <span class='ocrx_word' id='word_1_155' title='bbox 1533 1869 1792 1937; x_wconf 72' lang='lat' dir='ltr'><strong>ille-verit,</strong></span> <span class='ocrx_word' id='word_1_156' title='bbox 1834 1890 2029 1928; x_wconf 84' lang='lat' dir='ltr'><strong>omnes</strong></span> 
     </span>
     <span class='ocr_line' id='line_1_24' title="bbox 531 1940 1826 2014; baseline -0.002 -13"><span class='ocrx_word' id='word_1_157' title='bbox 531 1944 742 2002; x_wconf 85' lang='lat' dir='ltr'><strong>-Gestiet</strong></span> <span class='ocrx_word' id='word_1_158' title='bbox 778 1942 810 2000; x_wconf 73' lang='lat' dir='ltr'><strong>a</strong></span> <span class='ocrx_word' id='word_1_159' title='bbox 846 1940 1006 2002; x_wconf 86' lang='lat' dir='ltr'><strong>furno</strong></span> <span class='ocrx_word' id='word_1_160' title='bbox 1049 1943 1326 2000; x_wconf 84' lang='lat' dir='ltr'><strong>redeuntes</strong></span> <span class='ocrx_word' id='word_1_161' title='bbox 1361 1943 1488 2002; x_wconf 87' lang='lat' dir='ltr'><strong>scire</strong></span> <span class='ocrx_word' id='word_1_162' title='bbox 1509 1987 1527 2012; x_wconf 85' lang='lat'><em>,</em></span> <span class='ocrx_word' id='word_1_163' title='bbox 1563 1944 1788 2013; x_wconf 82' lang='lat' dir='ltr'><strong>lacuque</strong></span> <span class='ocrx_word' id='word_1_164' title='bbox 1809 1986 1826 2014; x_wconf 92' lang='lat'>‚</span> 
     </span>
     <span class='ocr_line' id='line_1_25' title="bbox 540 2015 2087 2087; baseline -0.002 -12"><span class='ocrx_word' id='word_1_165' title='bbox 540 2017 617 2075; x_wconf 88' lang='lat' dir='ltr'><strong>Et</strong></span> <span class='ocrx_word' id='word_1_166' title='bbox 651 2034 878 2087; x_wconf 80' lang='lat' dir='ltr'><strong>puerOS,</strong></span> <span class='ocrx_word' id='word_1_167' title='bbox 918 2025 970 2074; x_wconf 90' lang='lat'>&amp;</span> <span class='ocrx_word' id='word_1_168' title='bbox 995 2036 1145 2075; x_wconf 80' lang='lat' dir='ltr'><strong>anuS.</strong></span> <span class='ocrx_word' id='word_1_169' title='bbox 1180 2015 1443 2087; x_wconf 88' lang='lat' dir='ltr'><strong>Agedum</strong></span> <span class='ocrx_word' id='word_1_170' title='bbox 1476 2034 1645 2087; x_wconf 87' lang='lat' dir='ltr'><strong>pauca</strong></span> <span class='ocrx_word' id='word_1_171' title='bbox 1665 2015 1843 2086; x_wconf 83' lang='lat' dir='ltr'><strong>accipe</strong></span> <span class='ocrx_word' id='word_1_172' title='bbox 1875 2030 2087 2073; x_wconf 85' lang='lat' dir='ltr'><strong>contra.</strong></span> 
     </span>
    </p>
   </div>
   <div class='ocr_carea' id='block_1_3' title="bbox 431 2181 2099 2212">
    <p class='ocr_par' dir='ltr' id='par_1_3' title="bbox 431 2181 2099 2212">
     <span class='ocr_line' id='line_1_26' title="bbox 431 2181 2099 2212; baseline -0.004 -4"><span class='ocrx_word' id='word_1_173' title='bbox 431 2181 2099 2212; x_wconf 55' lang='lat' dir='ltr'><strong>’affl</strong></span> 
     </span>
    </p>
   </div>
   <div class='ocr_carea' id='block_1_4' title="bbox 447 2293 2088 2423">
    <p class='ocr_par' dir='ltr' id='par_1_4' title="bbox 447 2293 2088 2423">
     <span class='ocr_line' id='line_1_27' title="bbox 516 2293 2088 2362; baseline -0.005 -12"><span class='ocrx_word' id='word_1_174' title='bbox 516 2301 598 2351; x_wconf 87' lang='lat'><strong>16.</strong></span> <span class='ocrx_word' id='word_1_175' title='bbox 643 2295 885 2362; x_wconf 81' lang='lat' dir='ltr'><strong>Custodes.</strong></span> <span class='ocrx_word' id='word_1_176' title='bbox 922 2294 1022 2355; x_wconf 85' lang='lat' dir='ltr'><strong>Qui</strong></span> <span class='ocrx_word' id='word_1_177' title='bbox 1058 2293 1322 2342; x_wconf 82' lang='lat' dir='ltr'><strong>observent</strong></span> <span class='ocrx_word' id='word_1_178' title='bbox 1357 2311 1412 2343; x_wconf 87' lang='lat' dir='ltr'><strong>ac</strong></span> <span class='ocrx_word' id='word_1_179' title='bbox 1437 2295 1786 2359; x_wconf 85' lang='lat' dir='ltr'><strong>speculentur,</strong></span> <span class='ocrx_word' id='word_1_180' title='bbox 1823 2310 1891 2344; x_wconf 89' lang='lat' dir='ltr'><strong>ne</strong></span> <span class='ocrx_word' id='word_1_181' title='bbox 1919 2294 2088 2343; x_wconf 59' lang='lat' dir='ltr'><strong>alieni</strong></span> 
     </span>
     <span class='ocr_line' id='line_1_28' title="bbox 447 2357 1404 2423; baseline -0.01 -5"><span class='ocrx_word' id='word_1_182' title='bbox 447 2379 641 2419; x_wconf 85' lang='lat' dir='ltr'><strong>utamur</strong></span> <span class='ocrx_word' id='word_1_183' title='bbox 666 2366 834 2423; x_wconf 82' lang='lat' dir='ltr'><strong>opera,</strong></span> <span class='ocrx_word' id='word_1_184' title='bbox 867 2377 930 2409; x_wconf 88' lang='lat' dir='ltr'><strong>ne</strong></span> <span class='ocrx_word' id='word_1_185' title='bbox 958 2359 1073 2419; x_wconf 88' lang='lat' dir='ltr'><strong>quid</strong></span> <span class='ocrx_word' id='word_1_186' title='bbox 1093 2357 1404 2408; x_wconf 81' lang='lat' dir='ltr'><strong>suffuremur.</strong></span> 
     </span>
    </p>
   </div>
   <div class='ocr_carea' id='block_1_5' title="bbox 458 2424 2104 3330">
    <p class='ocr_par' dir='ltr' id='par_1_5' title="bbox 521 2424 1585 2494">
     <span class='ocr_line' id='line_1_29' title="bbox 521 2424 1585 2494; baseline -0.004 -16"><span class='ocrx_word' id='word_1_187' title='bbox 521 2447 602 2494; x_wconf 88' lang='lat'><strong>19.</strong></span> <span class='ocrx_word' id='word_1_188' title='bbox 645 2427 888 2476; x_wconf 75' lang='lat' dir='ltr'><strong>Hir-cinis.</strong></span> <span class='ocrx_word' id='word_1_189' title='bbox 914 2431 984 2473; x_wconf 82' lang='lat' dir='ltr'><strong>Ex</strong></span> <span class='ocrx_word' id='word_1_190' title='bbox 1023 2424 1221 2471; x_wconf 86' lang='lat' dir='ltr'><strong>hircino</strong></span> <span class='ocrx_word' id='word_1_191' title='bbox 1268 2424 1404 2471; x_wconf 85' lang='lat' dir='ltr'><strong>corio</strong></span> <span class='ocrx_word' id='word_1_192' title='bbox 1427 2424 1585 2474; x_wconf 65' lang='lat' dir='ltr'><strong>fafiis.</strong></span> 
     </span>
    </p>

    <p class='ocr_par' dir='ltr' id='par_1_6' title="bbox 458 2487 2100 3068">
     <span class='ocr_line' id='line_1_30' title="bbox 519 2487 2087 2552; baseline -0.005 -9"><span class='ocrx_word' id='word_1_193' title='bbox 519 2511 601 2544; x_wconf 83' lang='lat'><strong>21.</strong></span> <span class='ocrx_word' id='word_1_194' title='bbox 633 2491 874 2541; x_wconf 82' lang='lat' dir='ltr'><strong>Fannius.</strong></span> <span class='ocrx_word' id='word_1_195' title='bbox 921 2496 1118 2539; x_wconf 87' lang='lat' dir='ltr'><strong>Nomen</strong></span> <span class='ocrx_word' id='word_1_196' title='bbox 1156 2487 1223 2536; x_wconf 90' lang='lat' dir='ltr'><strong>est</strong></span> <span class='ocrx_word' id='word_1_197' title='bbox 1264 2493 1431 2537; x_wconf 69' lang='lat' dir='ltr'><strong>1³0&amp;ae</strong></span> <span class='ocrx_word' id='word_1_198' title='bbox 1458 2505 1567 2538; x_wconf 89' lang='lat' dir='ltr'><strong>non</strong></span> <span class='ocrx_word' id='word_1_199' title='bbox 1605 2489 1808 2552; x_wconf 83' lang='lat' dir='ltr'><strong>optimi.</strong></span> <span class='ocrx_word' id='word_1_200' title='bbox 1832 2498 2087 2537; x_wconf 81' lang='lat' dir='ltr'><strong>Bonorum</strong></span> 
     </span>
     <span class='ocr_line' id='line_1_31' title="bbox 458 2554 2092 2616; baseline -0.005 -8"><span class='ocrx_word' id='word_1_201' title='bbox 458 2565 720 2612; x_wconf 55' lang='lat' dir='ltr'><strong>Poetarum</strong></span> <span class='ocrx_word' id='word_1_202' title='bbox 761 2554 978 2604; x_wconf 82' lang='lat' dir='ltr'><strong>carmina</strong></span> <span class='ocrx_word' id='word_1_203' title='bbox 1022 2556 1386 2615; x_wconf 85' lang='lat' dir='ltr'><strong>reponebantur</strong></span> <span class='ocrx_word' id='word_1_204' title='bbox 1423 2556 1481 2603; x_wconf 88' lang='lat' dir='ltr'><strong>in</strong></span> <span class='ocrx_word' id='word_1_205' title='bbox 1542 2556 1645 2603; x_wconf 80' lang='lat' dir='ltr'><strong>aede</strong></span> <span class='ocrx_word' id='word_1_206' title='bbox 1685 2554 1941 2616; x_wconf 72' lang='lat' dir='ltr'><strong>Apollinis</strong></span> <span class='ocrx_word' id='word_1_207' title='bbox 1982 2560 2092 2601; x_wconf 85' lang='lat' dir='ltr'><strong>Pa-</strong></span> 
     </span>
     <span class='ocr_line' id='line_1_32' title="bbox 459 2617 2091 2683; baseline -0.004 -10"><span class='ocrx_word' id='word_1_208' title='bbox 459 2623 611 2673; x_wconf 82' lang='lat' dir='ltr'><strong>latini</strong></span> <span class='ocrx_word' id='word_1_209' title='bbox 633 2658 648 2681; x_wconf 92' lang='lat'>,</span> <span class='ocrx_word' id='word_1_210' title='bbox 679 2634 760 2667; x_wconf 88' lang='lat' dir='ltr'><strong>aut</strong></span> <span class='ocrx_word' id='word_1_211' title='bbox 798 2619 1017 2679; x_wconf 67' lang='lat' dir='ltr'><strong>adjunsta</strong></span> <span class='ocrx_word' id='word_1_212' title='bbox 1058 2617 1142 2664; x_wconf 87' lang='lat' dir='ltr'><strong>illi</strong></span> <span class='ocrx_word' id='word_1_213' title='bbox 1179 2618 1479 2669; x_wconf 70' lang='lat' dir='ltr'><strong>bibliotheca</strong></span> <span class='ocrx_word' id='word_1_214' title='bbox 1501 2655 1515 2680; x_wconf 89' lang='lat'>,</span> <span class='ocrx_word' id='word_1_215' title='bbox 1552 2635 1694 2680; x_wconf 86' lang='lat' dir='ltr'><strong>quam</strong></span> <span class='ocrx_word' id='word_1_216' title='bbox 1723 2619 1970 2683; x_wconf 79' lang='lat' dir='ltr'><strong>Augustus</strong></span> <span class='ocrx_word' id='word_1_217' title='bbox 2004 2634 2091 2667; x_wconf 81' lang='lat' dir='ltr'><strong>ex·</strong></span> 
     </span>
     <span class='ocr_line' id='line_1_33' title="bbox 458 2680 2093 2748; baseline -0.002 -14"><span class='ocrx_word' id='word_1_218' title='bbox 458 2699 709 2745; x_wconf 73' lang='lat' dir='ltr'><strong>unxerat,</strong></span> <span class='ocrx_word' id='word_1_219' title='bbox 742 2683 812 2730; x_wconf 85' lang='lat' dir='ltr'><strong>ibi</strong></span> <span class='ocrx_word' id='word_1_220' title='bbox 848 2680 1066 2730; x_wconf 82' lang='lat' dir='ltr'><strong>cedrinis</strong></span> <span class='ocrx_word' id='word_1_221' title='bbox 1116 2683 1295 2730; x_wconf 85' lang='lat' dir='ltr'><strong>arculis</strong></span> <span class='ocrx_word' id='word_1_222' title='bbox 1328 2699 1408 2733; x_wconf 82' lang='lat' dir='ltr'><strong>aut</strong></span> <span class='ocrx_word' id='word_1_223' title='bbox 1450 2683 1735 2748; x_wconf 84' lang='lat' dir='ltr'><strong>cupreffinis</strong></span> <span class='ocrx_word' id='word_1_224' title='bbox 1761 2685 1949 2731; x_wconf 81' lang='lat' dir='ltr'><strong>inclusa</strong></span> <span class='ocrx_word' id='word_1_225' title='bbox 1979 2683 2093 2731; x_wconf 86' lang='lat' dir='ltr'><strong>ser-</strong></span> 
     </span>
     <span class='ocr_line' id='line_1_34' title="bbox 463 2745 2098 2813; baseline -0.004 -13"><span class='ocrx_word' id='word_1_226' title='bbox 463 2757 703 2800; x_wconf 78' lang='lat' dir='ltr'><strong>vabantur</strong></span> <span class='ocrx_word' id='word_1_227' title='bbox 735 2766 746 2795; x_wconf 91' lang='lat'><strong>:</strong></span> <span class='ocrx_word' id='word_1_228' title='bbox 789 2747 974 2795; x_wconf 82' lang='lat' dir='ltr'><strong>ibidem</strong></span> <span class='ocrx_word' id='word_1_229' title='bbox 1011 2745 1225 2808; x_wconf 82' lang='lat' dir='ltr'><strong>ipsorum</strong></span> <span class='ocrx_word' id='word_1_230' title='bbox 1267 2747 1431 2799; x_wconf 75' lang='lat' dir='ltr'><strong>stature</strong></span> <span class='ocrx_word' id='word_1_231' title='bbox 1472 2764 1553 2798; x_wconf 88' lang='lat' dir='ltr'><strong>aut</strong></span> <span class='ocrx_word' id='word_1_232' title='bbox 1588 2748 1839 2813; x_wconf 83' lang='lat' dir='ltr'><strong>imagines</strong></span> <span class='ocrx_word' id='word_1_233' title='bbox 1869 2747 2098 2796; x_wconf 85' lang='lat' dir='ltr'><strong>colloca-</strong></span> 
     </span>
     <span class='ocr_line' id='line_1_35' title="bbox 463 2810 2098 2878; baseline -0.003 -12"><span class='ocrx_word' id='word_1_234' title='bbox 463 2824 661 2866; x_wconf 84' lang='lat' dir='ltr'><strong>bantur.</strong></span> <span class='ocrx_word' id='word_1_235' title='bbox 693 2818 836 2859; x_wconf 88' lang='lat' dir='ltr'><strong>Hunc</strong></span> <span class='ocrx_word' id='word_1_236' title='bbox 870 2813 1111 2857; x_wconf 79' lang='lat' dir='ltr'><strong>honorem</strong></span> <span class='ocrx_word' id='word_1_237' title='bbox 1128 2810 1204 2859; x_wconf 80' lang='lat' dir='ltr'><strong>ifli</strong></span> <span class='ocrx_word' id='word_1_238' title='bbox 1236 2815 1430 2862; x_wconf 84' lang='lat' dir='ltr'><strong>Fannio</strong></span> <span class='ocrx_word' id='word_1_239' title='bbox 1450 2814 1734 2878; x_wconf 82' lang='lat' dir='ltr'><strong>Augustus,</strong></span> <span class='ocrx_word' id='word_1_240' title='bbox 1769 2814 1849 2860; x_wconf 86' lang='lat' dir='ltr'><strong>vel</strong></span> <span class='ocrx_word' id='word_1_241' title='bbox 1886 2820 2098 2861; x_wconf 81' lang='lat' dir='ltr'><strong>Senatus</strong></span> 
     </span>
     <span class='ocr_line' id='line_1_36' title="bbox 464 2871 2097 2943; baseline -0.004 -13"><span class='ocrx_word' id='word_1_242' title='bbox 464 2871 638 2930; x_wconf 71' lang='lat' dir='ltr'><strong>miniis&#39;</strong></span> <span class='ocrx_word' id='word_1_243' title='bbox 670 2876 882 2925; x_wconf 88' lang='lat' dir='ltr'><strong>merenti</strong></span> <span class='ocrx_word' id='word_1_244' title='bbox 925 2876 1163 2924; x_wconf 83' lang='lat' dir='ltr'><strong>detulerat</strong></span> <span class='ocrx_word' id='word_1_245' title='bbox 1204 2896 1216 2924; x_wconf 89' lang='lat'>:</span> <span class='ocrx_word' id='word_1_246' title='bbox 1249 2877 1299 2924; x_wconf 91' lang='lat' dir='ltr'><strong>id</strong></span> <span class='ocrx_word' id='word_1_247' title='bbox 1345 2879 1639 2943; x_wconf 85' lang='lat' dir='ltr'><strong>agentibus,</strong></span> <span class='ocrx_word' id='word_1_248' title='bbox 1686 2893 1741 2926; x_wconf 89' lang='lat' dir='ltr'><strong>ut</strong></span> <span class='ocrx_word' id='word_1_249' title='bbox 1779 2879 1919 2925; x_wconf 83' lang='lat' dir='ltr'><strong>aiunt</strong></span> <span class='ocrx_word' id='word_1_250' title='bbox 1970 2877 2097 2926; x_wconf 82' lang='lat' dir='ltr'><strong>vul-</strong></span> 
     </span>
     <span class='ocr_line' id='line_1_37' title="bbox 464 2940 2100 3012; baseline -0.001 -20"><span class='ocrx_word' id='word_1_251' title='bbox 464 2943 528 3012; x_wconf 70' lang='lat' dir='ltr'><strong>gb</strong></span> <span class='ocrx_word' id='word_1_252' title='bbox 569 2944 900 3005; x_wconf 72' lang='lat' dir='ltr'><strong>interpretea,</strong></span> <span class='ocrx_word' id='word_1_253' title='bbox 928 2940 1296 2999; x_wconf 80' lang='lat' dir='ltr'><strong>adulatoribus,</strong></span> <span class='ocrx_word' id='word_1_254' title='bbox 1339 2944 1423 3002; x_wconf 89' lang='lat' dir='ltr'><strong>qui</strong></span> <span class='ocrx_word' id='word_1_255' title='bbox 1469 2943 1578 3000; x_wconf 74' lang='lat' dir='ltr'><strong>eius</strong></span> <span class='ocrx_word' id='word_1_256' title='bbox 1623 2943 1943 2991; x_wconf 82' lang='lat' dir='ltr'><strong>venditabant</strong></span> <span class='ocrx_word' id='word_1_257' title='bbox 1980 2958 2100 2991; x_wconf 81' lang='lat' dir='ltr'><strong>car-</strong></span> 
     </span>
     <span class='ocr_line' id='line_1_38' title="bbox 466 3005 1620 3068; baseline -0.003 -9"><span class='ocrx_word' id='word_1_258' title='bbox 466 3011 601 3060; x_wconf 85' lang='lat' dir='ltr'><strong>mina</strong></span> <span class='ocrx_word' id='word_1_259' title='bbox 641 3008 768 3068; x_wconf 84' lang='lat' dir='ltr'><strong>quod</strong></span> <span class='ocrx_word' id='word_1_260' title='bbox 798 3006 1013 3067; x_wconf 76' lang='lat' dir='ltr'><strong>eiusdem</strong></span> <span class='ocrx_word' id='word_1_261' title='bbox 1047 3005 1320 3053; x_wconf 85' lang='lat' dir='ltr'><strong>haereditati</strong></span> <span class='ocrx_word' id='word_1_262' title='bbox 1346 3006 1620 3057; x_wconf 83' lang='lat' dir='ltr'><strong>inhiarent.</strong></span> 
     </span>
    </p>

    <p class='ocr_par' dir='ltr' id='par_1_7' title="bbox 463 3066 2104 3268">
     <span class='ocr_line' id='line_1_39' title="bbox 530 3066 2104 3137; baseline 0 -15"><span class='ocrx_word' id='word_1_263' title='bbox 530 3088 613 3137; x_wconf 83' lang='lat'><strong>23.</strong></span> <span class='ocrx_word' id='word_1_264' title='bbox 643 3071 887 3122; x_wconf 71' lang='lat' dir='ltr'><strong>Recitare.</strong></span> <span class='ocrx_word' id='word_1_265' title='bbox 931 3074 1090 3119; x_wconf 59' lang='lat' dir='ltr'><strong>Potitae</strong></span> <span class='ocrx_word' id='word_1_266' title='bbox 1130 3070 1218 3118; x_wconf 87' lang='lat' dir='ltr'><strong>sua</strong></span> <span class='ocrx_word' id='word_1_267' title='bbox 1268 3073 1487 3120; x_wconf 83' lang='lat' dir='ltr'><strong>carmina</strong></span> <span class='ocrx_word' id='word_1_268' title='bbox 1521 3066 1670 3136; x_wconf 60' lang='lat' dir='ltr'><strong>vulgi,</strong></span> <span class='ocrx_word' id='word_1_269' title='bbox 1707 3070 1987 3120; x_wconf 85' lang='lat' dir='ltr'><strong>recitabant</strong></span> <span class='ocrx_word' id='word_1_270' title='bbox 2037 3072 2104 3122; x_wconf 85' lang='lat' dir='ltr'><strong>in</strong></span> 
     </span>
     <span class='ocr_line' id='line_1_40' title="bbox 463 3132 2103 3199; baseline -0.001 -10"><span class='ocrx_word' id='word_1_271' title='bbox 463 3141 647 3191; x_wconf 65' lang='lat' dir='ltr'><strong>edibus</strong></span> <span class='ocrx_word' id='word_1_272' title='bbox 678 3137 774 3185; x_wconf 89' lang='lat' dir='ltr'><strong>viri</strong></span> <span class='ocrx_word' id='word_1_273' title='bbox 799 3135 1007 3196; x_wconf 73' lang='lat' dir='ltr'><strong>alicujus</strong></span> <span class='ocrx_word' id='word_1_274' title='bbox 1033 3135 1225 3182; x_wconf 87' lang='lat' dir='ltr'><strong>nobilis</strong></span> <span class='ocrx_word' id='word_1_275' title='bbox 1258 3135 1314 3184; x_wconf 86' lang='lat'>&amp;</span> <span class='ocrx_word' id='word_1_276' title='bbox 1352 3137 1569 3199; x_wconf 85' lang='lat' dir='ltr'><strong>eruditi,</strong></span> <span class='ocrx_word' id='word_1_277' title='bbox 1611 3132 1705 3199; x_wconf 72' lang='lat' dir='ltr'><strong>quo</strong></span> <span class='ocrx_word' id='word_1_278' title='bbox 1737 3136 1954 3199; x_wconf 76' lang='lat' dir='ltr'><strong>populus</strong></span> <span class='ocrx_word' id='word_1_279' title='bbox 1988 3136 2103 3187; x_wconf 86' lang='lat' dir='ltr'><strong>fre-</strong></span> 
     </span>
     <span class='ocr_line' id='line_1_41' title="bbox 469 3200 1705 3268; baseline -0.005 -14"><span class='ocrx_word' id='word_1_280' title='bbox 469 3219 626 3268; x_wconf 84' lang='lat' dir='ltr'><strong>quens</strong></span> <span class='ocrx_word' id='word_1_281' title='bbox 645 3202 974 3251; x_wconf 81' lang='lat' dir='ltr'><strong>conveniebat</strong></span> <span class='ocrx_word' id='word_1_282' title='bbox 998 3200 1057 3246; x_wconf 87' lang='lat' dir='ltr'><strong>ad</strong></span> <span class='ocrx_word' id='word_1_283' title='bbox 1100 3200 1415 3249; x_wconf 88' lang='lat' dir='ltr'><strong>audiendum.</strong></span> <span class='ocrx_word' id='word_1_284' title='bbox 1698 3207 1705 3210; x_wconf 90' lang='grc'><strong>’</strong></span> 
     </span>
    </p>

    <p class='ocr_par' dir='ltr' id='par_1_8' title="bbox 485 3263 1968 3330">
     <span class='ocr_line' id='line_1_42' title="bbox 485 3263 1968 3330; baseline -0.001 -11"><span class='ocrx_word' id='word_1_285' title='bbox 485 3319 492 3324; x_wconf 66' lang='grc'><strong>,</strong></span> <span class='ocrx_word' id='word_1_286' title='bbox 533 3266 618 3323; x_wconf 81' lang='lat'><strong>26.</strong></span> <span class='ocrx_word' id='word_1_287' title='bbox 650 3264 757 3316; x_wconf 78' lang='lat' dir='ltr'><strong>Aut</strong></span> <span class='ocrx_word' id='word_1_288' title='bbox 795 3273 851 3317; x_wconf 81' lang='lat' dir='ltr'><strong>ob</strong></span> <span class='ocrx_word' id='word_1_289' title='bbox 877 3302 895 3330; x_wconf 87' lang='lat'>,</span> <span class='ocrx_word' id='word_1_290' title='bbox 932 3263 1037 3316; x_wconf 70' lang='grc' dir='ltr'><strong>δῖε.</strong></span> <span class='ocrx_word' id='word_1_291' title='bbox 1070 3264 1212 3329; x_wconf 88' lang='lat' dir='ltr'><strong>Legit</strong></span> <span class='ocrx_word' id='word_1_292' title='bbox 1235 3265 1463 3317; x_wconf 79' lang='lat' dir='ltr'><strong>Heinfius</strong></span> <span class='ocrx_word' id='word_1_293' title='bbox 1500 3286 1512 3317; x_wconf 89' lang='lat'>:</span> <span class='ocrx_word' id='word_1_294' title='bbox 1550 3280 1633 3317; x_wconf 88' lang='lat' dir='ltr'><strong>aut</strong></span> <span class='ocrx_word' id='word_1_295' title='bbox 1658 3269 1718 3315; x_wconf 86' lang='lat' dir='ltr'><strong>ab</strong></span> <span class='ocrx_word' id='word_1_296' title='bbox 1742 3266 1968 3323; x_wconf 76' lang='lat' dir='ltr'><strong>avaritia·</strong></span> 
     </span>
    </p>
   </div>
  </div>
 </body>
</html>
