2269 3773
696 192 873 280 Lib.
930 192 1099 280 IV
1168 194 1341 279 Ode
1400 192 1473 279 I.
1726 195 1882 304 185

258 322 532 410 cff'undat
572 347 735 389 voces
780 329 842 391 i'n
867 326 1196 410 scribendis
1239 331 1449 393 audaci
1472 327 1621 413 stilo
1662 330 1882 413 dithy-

262 415 479 479 rambis
497 464 521 494 ,
573 413 632 478 fe
673 418 846 477 tritas
888 419 1213 480 carminum
1266 419 1517 480 aliorum
1563 416 1716 500 leges
1770 438 1887 478 nu·-

255 501 557 588 tnerosque
612 504 904 590 transiliat
952 523 973 566 .·
1009 505 1129 590 five
1176 526 1263 568 res
1312 509 1498 592 gestas
1557 507 1827 568 Deorum
1852 552 1879 584 ,

258 590 607 676 Regumque
660 588 698 652 ὰ
751 594 898 655 Diis
946 611 1373 677 prognatorum
1438 592 1683 656 celebret
1703 639 1725 672 ,
1782 595 1884 675 qui

266 676 584 741 Centauros
617 682 831 742 meritd
866 699 1003 743 nece
1048 682 1413 762 multarunt,
1460 679 1518 745 δ’
1567 681 1884 745 Chimoeroe

257 767 423 828 diros
471 769 631 852 ignes
678 769 1058 831 extinxerunt
1116 789 1134 834 .·
1174 771 1293 855 five
1343 772 1542 833 laudet
1590 790 1688 831 eos
1729 770 1878 853 qui,

253 852 450 917 relata
494 859 560 919 in
595 856 754 917 ludis
794 855 1130 940 olympicis
1162 855 1406 920 vic'lorid
1422 906 1444 939 ‚
1487 877 1721 919 ovantes
1743 903 1762 934 ,
1806 878 1878 920 ac

250 944 498 1022 Superis
522 940 710 1025 prope
751 945 885 1027 ipfis
913 963 1132 1025 pares,
1183 949 1412 1007 domum
1445 945 1594 1027 Junt
1635 945 1839 1029 reversi
1848 970 1878 1026 ,-

236 1027 351 1111 seu
391 1033 671 1093 athletam
700 1078 722 1111 ‚
769 1050 872 1094 aut
914 1050 1119 1114 equum
1163 1032 1408 1094 celebret
1433 1081 1455 1112 ,
1507 1031 1710 1118 eosque
1746 1054 1881 1094 car*

251 1120 411 1179 mine
430 1166 454 1196 ,
500 1138 776 1202 tanquam
806 1117 1015 1202 insigni
1061 1140 1427 1184 monumento
1455 1168 1479 1200 ,
1536 1119 1595 1182 E?
1614 1122 1877 1202 sexcen-

250 1206 331 1266 tis
361 1208 777 1291 praestantiore
796 1209 1015 1291 statuis
1036 1252 1059 1286 ,
1110 1227 1445 1270 muneretur
1492 1228 1510 1270 .·
1546 1207 1657 1289 seu
1694 1210 1871 1270 deni-

246 1312 359 1377 que
394 1292 770 1375 adolescentis
787 1343 811 1373 ,
856 1314 1025 1378 quem
1049 1295 1257 1357 acerba
1279 1292 1686 1378 morssponsae
1716 1317 1875 1359 moe-

245 1383 403 1441 renti
459 1380 694 1466 abstulit
716 1430 740 1460 ,
787 1383 1004 1467 defleat
1053 1404 1252 1445 necem
1287 1430 1312 1463 ,
1377 1379 1609 1467 ejusque
1652 1383 1867 1464 robur,

227 1463 657 1549 fhrtitudinem
705 1466 763 1532 δ’
800 1489 1044 1533 caeteras
1078 1473 1266 1534 animi
1303 1474 1465 1534 dotes
1494 1471 1751 1555 egregias
1784 1474 1872 1533 ad

240 1554 451 1620 coelum
478 1558 654 1621 tollat
673 1605 695 1638 ‚
749 1554 809 1619 ἃ
842 1557 916 1619 ab
954 1559 1241 1621 oblivione
1290 1560 1436 1622 Orci
1477 1559 1722 1621 tenebris
1746 1561 1868 1622 rin-

236 1646 414 1707 dicet.
472 1647 717 1728 Quoties
746 1645 845 1706 hic
884 1648 1193 1708 Thebanus
1230 1647 1364 1708 olor
1381 1645 1574 1728 supra
1616 1647 1865 1710 humiles

240 1751 431 1797 terras
468 1733 694 1814 evolat,
732 1733 898 1794 illum
925 1734 1213 1814 secundus
1237 1755 1437 1798 ventus
1462 1732 1519 1797 δ’
1545 1733 1863 1798 uberrimus

224 1822 466 1884 attolit.
513 1826 649 1907 Ego
679 1816 812 1885 vero
823 1818 1059 1902 secutus
1086 1823 1338 1888 indolem
1381 1820 1437 1886 Ee
1459 1827 1693 1885 modum
1722 1826 1861 1907 api-

232 1910 500 1975 cularum
559 1911 924 1996 diligentium
962 1959 986 1989 ,
1055 1913 1254 1994 quales
1286 1909 1433 1993 sunt
1477 1913 1541 1973 in
1597 1913 1860 1975 Matinis

233 2002 460 2080 campis
481 2046 503 2076 ‚
551 2019 687 2084 quae
737 1999 918 2061 multo
970 1997 1101 2060 labo
1109 2020 1169 2061 re
1227 2001 1494 2084 thymum
1545 1997 1803 2062 delibant
1825 2047 1850 2079 ,

232 2091 298 2152 in
326 2086 518 2175 sylvis
542 2136 565 2167 ,
617 2084 676 2149 δ’
701 2088 1024 2172 fluviorum
1064 2090 1167 2170 qui
1223 2085 1413 2149 Tibur
1453 2085 1718 2164 alluunt,
1766 2090 1858 2148 ri·-

214 2179 323 2260 pis
348 2225 373 2257 ,
415 2173 708 2257 laboriosa
741 2177 1006 2238 carmina
1028 2220 1047 2252 ,
1084 2193 1201 2253 pro
1246 2176 1466 2257 ingenii
1499 2176 1613 2234 mei
1647 2176 1849 2235 tenui-

227 2283 355 2334 tate
375 2314 400 2346 ,
447 2285 751 2348 compono.
812 2266 907 2327 Tu
931 2265 1129 2328 Poe'ta
1154 2261 1318 2325 nobis
1348 2258 1518 2347 longi
1541 2265 1847 2348 praestan-

1514 2402 1633 2409 -ω
1698 2403 1858 2413 -.ο-...-

285 2444 372 2505 '¹7·
409 2439 538 2492 Elea
549 2449 735 2504 palma.
762 2443 869 2491 Elis
890 2443 1029 2510 regio
1051 2441 1107 2492 εἰ
1130 2445 1247 2492 urbs
1279 2443 1484 2492 Graeciae
1512 2443 1565 2493 in
1592 2443 1845 2507 Pelopon-

221 2508 343 2558 neso
362 2542 378 2567 ‚
401 2522 509 2555 non
532 2507 704 2570 procu!
728 2512 789 2556 ab
832 2512 950 2557 urbe
976 2507 1351 2572 Olympia‚five
1383 2509 1495 2557 Pisa
1515 2545 1529 2570 ,
1561 2510 1619 2557 ad
1640 2509 1845 2559 fluvium

220 2572 488 2633 Alpheum.
522 2573 599 2621 Ibi
643 2572 1014 2622 celebrabantur
1039 2573 1289 2622 clariffima
1311 2575 1575 2623 certamina
1610 2575 1664 2622 in
1682 2576 1844 2623 hono-

221 2653 328 2686 rem
362 2636 524 2696 lovis,
568 2651 736 2698 quarto
762 2655 952 2700 quoque
983 2654 1114 2687 anno
1163 2639 1372 2689 ineunte
1392 2675 1409 2701 ,
1437 2657 1545 2702 quae
1573 2640 1725 2704 Elea,
1766 2648 1841 2689 0-

217 2702 440 2768 lympia,
482 2700 539 2750 ὅτ
574 2702 834 2765 olympica
880 2706 1197 2752 vocabantur.

290 2765 367 2814 18.
406 2764 652 2830 Pugilem.
675 2767 878 2831 Pugiles
919 2766 1157 2816 consertis
1189 2766 1415 2818 manibus
1461 2770 1518 2817 ad
1548 2770 1749 2817 humum
1787 2769 1839 2819 se

217 2831 433 2893 dejicere
449 2830 667 2880 invicem
689 2830 1247 2882 nitebantur-'Interdum
1263 2834 1392 2882 nuda
1407 2837 1654 2883 certabant
1670 2850 1838 2898 manu,

218 2896 469 2946 interdum
507 2898 684 2946 armata
722 2897 882 2946 caestu.
1458 2942 1463 2943 c

282 2958 495 3023 Equum.
530 2962 643 3021 Qui
667 2975 845 3024 nempe
893 2962 951 3012 in
996 2961 1167 3010 iisdem
1206 2960 1338 3011 ludis
1385 2961 1664 3026 olympicis
1702 2962 1830 3011 alios

207 3039 369 3085 equos
402 3025 589 3074 vicerat
626 3025 788 3076 cursu.
821 3033 947 3076 Nam
978 3026 1117 3088 equis
1155 3026 1262 3074 illis
1298 3027 1412 3078 suus
1443 3044 1632 3089 quoque
1668 3026 1725 3077 &
1748 3026 1834 3078 in·

181 3141 185 3144 Α
214 3089 373 3156 lignis
404 3091 565 3139 honor
600 3090 920 3140 tribuebatur.

280 3168 364 3203 21.
400 3152 599 3205 Flebili.
633 3155 812 3219 Dignae
843 3155 958 3204 fletu
997 3172 1050 3205 ac
1089 3156 1343 3220 lacrymis.

274 3233 358 3276 24·
397 3218 592 3268 Invidet
639 3216 789 3269 Orco.
824 3221 1011 3269 Adimit
1056 3219 1265 3281 inferis,
1309 3221 1455 3272 morti
1489 3221 1660 3288 eripit.
1709 3227 1830 3286 Qun

198 3283 323 3334 aliis
359 3284 644 3336 invidemus
664 3319 683 3353 ,
720 3286 829 3338 inis
854 3288 1066 3338 adimere
1097 3285 1328 3340 nitimur.
1404 3332 1407 3336 ,
