2269 3773
510 181 687 264 Lib.
749 181 818 264 Ι.
881 180 1154 264 Satira
1212 181 1383 267 IV.
1604 186 1770 299 287

135 336 200 382 te
237 337 312 379 ac
335 334 594 395 vexant,
636 333 810 398 tuque
850 316 1089 378 interim
1115 312 1349 401 frustra
1377 316 1666 402 ringeriS,
1707 342 1780 383 ac

123 426 325 490 prope
374 405 561 468 latras
608 406 800 486 miser.
850 406 1108 466 Demum
1145 451 1169 482 ,
1234 426 1305 466 ne
1340 405 1454 490 Jim
1498 406 1778 491 longior,

137 497 282 557 dum
332 512 396 555 tu
421 540 440 573 ,
491 513 593 553 rex
626 493 920 574 praeclare
946 539 965 572 ,
1011 492 1199 554 adibis
1243 493 1452 556 balnea
1475 539 1494 573 ,
1543 494 1783 558 lavandi

141 585 416 664 corporis
454 584 632 642 causa'
656 627 679 660 ,
714 580 840 666 fine
885 579 1234 661 comitibus,
1274 583 1401 666 fine
1446 585 1622 665 regiis
1659 581 1780 665 sa·-

141 669 431 734 tellitibus
456 717 478 747 ,
514 687 746 750 praeter
784 665 1070 752 infitlfimz
1101 667 1358 755 fortaffe
1403 666 1733 753 Crispinum
1757 694 1786 754 ,-

144 762 288 822 dum
331 761 718 841 quadrantem
747 803 765 834 ‚
811 775 878 818 ut
914 755 1114 820 unus}
1150 757 1501 839 plebeculd,
1543 759 1787 823 balnea·-

148 850 274 911 tori
303 845 546 926 solve5;
586 848 805 925 amici,
842 864 955 925 pro
971 843 1091 927 suci
1133 835 1502 932 indulgentid
1522 895 1547 927 ‚
1601 852 1788 932 milti,

136 935 199 1020 fi
236 935 384 1020 quid
412 954 526 1016 per
560 936 1017 1013 imprudentiam
1061 934 1442 1017 deliauerim‚
1485 942 1792 1002 condona-

155 1022 350 1100 bunt;
391 1044 460 1084 ac
486 1021 723 1106 viciffim
757 1042 903 1105 ego,
929 1024 986 1107 fi
1010 1025 1155 1108 quid
1178 1025 1272 1085 illi
1293 1044 1581 1106 peccent,
1621 1048 1793 1112 aequo

160 1107 224 1172 δ’
261 1109 468 1172 libenti
509 1113 705 1171 animo
739 1109 942 1190 seram
989 1135 1004 1175 :
1055 1130 1227 1194 atque
1266 1115 1352 1174 ita
1379 1160 1399 1193 ‚
1442 1108 1581 1173 licit
1619 1115 1796 1178 homo

141 1197 261 1284 fim
289 1198 560 1280 privatus
583 1246 606 1276 ‚
655 1217 712 1260 te
734 1245 758 1278 ,
809 1200 910 1282 qui
947 1201 1091 1262 Rex
1129 1221 1188 1261 es
1205 1247 1229 1280 ,
1273 1221 1372 1261 ero
1416 1199 1662 1263 beatior.

163 1459 335 1613 Ε
338 1562 608 1610 UPOLIS
633 1593 655 1624 ,
715 1546 1023 1624 Cratinus,
1081 1545 1552 1632 AristophaneS,
1603 1543 1662 1609 δ’
1695 1548 1807 1612 αΙίἱ

165 1640 393 1701 ,Ροέτιε
437 1634 539 1715 qui
580 1635 788 1696 veteris
831 1636 1139 1697 comoediae
1185 1631 1438 1697 auciores
1472 1656 1541 1696 ac
1571 1639 1810 1717 princi-

154 1743 276 1806 pes
321 1722 694 1799 extiterunt,
759 1718 936 1782 liber)
995 1725 1305 1783 admodum
1358 1724 1716 1806 arguebant,
1753 1726 1813 1811 fi

170 1831 346 1899 quem
386 1809 880 1893 deprehenderent
925 1808 1169 1893 censura*
1216 1806 1272 1869 δ’
1306 1809 1526 1890 probro
1571 1815 1811 1898 dignum

173 1901 247 1962 ob
262 1897 445 1981 furta
468 1946 491 1979 ,
544 1898 639 1961 vel
670 1898 962 1960 adulteria
988 1946 1010 1977 ,
1059 1898 1154 1961 vel
1188 1898 1512 1961 homicidia
1540 1945 1562 1976 ,
1615 1901 1709 1962 vel
1731 1899 1804 1962 ob

173 1989 350 2052 aliud
386 1990 614 2050 demum
651 1983 844 2067 ftelus
868 2035 890 2067 ,
931 2004 1185 2068 propter
1233 1989 1394 2070 quod
1432 1983 1585 2048 male}
1631 1989 1817 2050 audi-

176 2095 288 2142 ret.
336 2075 449 2139 Ad
489 2075 727 2138 illorum
768 2078 1161 2138 imitationem
1204 2092 1389 2136 totum
1428 2073 1499 2158 se
1546 2076 1818 2141 Lucilius

179 2160 514 2247 composuit
551 2185 568 2228 .·
620 2165 731 2225 hoc
774 2185 889 2225 uno
931 2163 1221 2248 diffimilis
1244 2185 1268 2240 ;
1310 2158 1468 2248 quod
1501 2163 1594 2224 illi
1634 2167 1816 2250 verfi-

182 2254 286 2316 bus
313 2251 582 2315 iambicis
600 2299 624 2332 ,
663 2230 795 2334 ips?
811 2253 1169 2316 hexametris
1176 2251 1311 2334 fere
1322 2249 1574 2337 scripfit.
1616 2256 1821 2317 Homo

181 2452 381 2500 tionem
431 2448 762 2511 representat.
803 2449 995 2512 Duplex
1044 2448 1314 2496 Comoediae
1369 2449 1492 2509 quafi
1538 2464 1649 2496 atas
1700 2448 1820 2498 fuit.

188 2514 455 2577 Principio
488 2514 623 2562 enim
651 2513 880 2561 convicia
917 2515 972 2563 &
1003 2514 1153 2561 amari
1184 2513 1305 2560 sales
1325 2512 1379 2560 in
1414 2514 1590 2561 obvios
1612 2515 1822 2575 quosque

187 2581 501 2645 jaciebantur
523 2615 539 2639 ‚
574 2577 676 2626 suis
719 2578 1011 2627 nominibus
1042 2579 1412 2639 appellabantur
1437 2578 1664 2626 homines
1685 2615 1701 2639 ,
1739 2593 1823 2628 aut

192 2660 439 2706 nequam,
486 2657 570 2694 aut
608 2642 754 2691 invisi
808 2643 991 2705 populo
1034 2661 1048 2691 :
1085 2658 1242 2703 neque
1293 2643 1394 2690 ulla
1434 2643 1692 2707 dignitatis
1742 2643 1825 2692 vel

197 2709 442 2758 natalium
475 2707 598 2756 ratio
636 2705 918 2755 habebatur.
956 2712 1112 2767 Atque
1136 2710 1239 2755 haec
1272 2708 1423 2769 prisca
1444 2709 1696 2755 Comoedia
1718 2709 1783 2756 est
1805 2721 1821 2753 =

194 2777 275 2823 cui
303 2789 431 2822 nova
467 2771 526 2821 &
565 2771 828 2820 modestior
860 2772 1103 2832 successlt‚
1149 2772 1202 2818 in
1243 2775 1333 2831 qua
1357 2772 1479 2819 fictis
1524 2775 1827 2837 ergumentio

203 2839 262 2888 8(
310 2837 536 2900 personis
559 2871 573 2897 ,
626 2853 787 2885 mores
825 2836 1085 2885 hominum
1123 2835 1182 2885 δε
1224 2836 1347 2884 vitia
1393 2836 1783 2887 describebantur
1808 2872 1828 2900 ‚

197 2904 406 2952 nemine
444 2902 746 2950 nominatim
788 2901 1053 2963 appellato.

267 2984 317 3025 4.
354 2968 602 3017 Sicarius.
642 2966 746 3014 Sica
770 2999 786 3026 ,
824 2965 891 3012 est
927 2965 1053 3013 enfis
1089 2964 1286 3012 brevior
1310 3000 1326 3027 ,
1354 2962 1668 3013 &incurvus
1703 2979 1716 3008 ε
1751 2981 1834 3030 ge-

199 3049 295 3084 nus
335 3033 599 3097 pugionis.
1794 3039 1795 3044 ¹

267 3100 318 3148 6.
365 3096 615 3148 Lucilius.
651 3095 806 3143 Bassus
832 3094 1136 3159 cognomine
1161 3107 1174 3137 τ
1195 3093 1382 3155 primus
1404 3127 1420 3154 ,
1450 3107 1528 3141 aut
1553 3092 1681 3140 certe
1708 3108 1857 3154 prae-,

199 3165 380 3227 cipuus
429 3164 623 3213 Latina:
670 3160 832 3208 Satine
874 3163 1033 3208 auctor
1056 3195 1071 3218 ‚
1107 3169 1248 3206 natus
1283 3163 1525 3208 Aurunca.-
1573 3158 1631 3207 iu
1672 3158 1836 3212 Italia,

199 3236 327 3294 tege
376 3227 606 3291 Quintil.
642 3225 750 3275 Lib.
779 3231 847 3277 ·Χ.
884 3231 1063 3277 Juven.
1097 3224 1248 3273 Satira
1283 3229 1330 3273 1.
