2269 3773
534 232 711 316 Lib.
774 229 893 316 II.
955 227 1307 341 Epistola
1366 228 1435 313 I.
1628 226 1800 342 487

151 368 443 455 proxima
497 367 894 445 carminibus,
948 387 1081 450 quae
1113 362 1247 445 suis
1293 366 1548 426 numeris
1596 366 1802 426 omni-

161 459 266 522 bus
314 454 580 539 absoluta
616 453 780 538 sunt.
834 457 1014 537 Quod
1041 453 1098 537 fi
1142 452 1264 515 illis
1312 452 1515 538 aliqua
1551 449 1809 535 sortaffiz

162 569 282 611 vox
323 546 551 626 elucet,
598 564 733 628 quae
778 544 1085 628 dignitatis
1121 543 1399 606 nonnihil
1434 563 1506 604 ac
1542 543 1809 625 venusta-

165 637 248 698 tis
295 634 548 713 habent,
595 633 652 717 fi
690 630 883 712 versus
919 630 1065 694 unus
1096 632 1350 715 itemque
1403 630 1596 711 alter,
1622 625 1809 711 paulo

167 723 502 806 elegantior
521 724 772 800 eminet‚·
826 721 895 782 ob
922 740 1052 782 eam
1077 740 1199 782 rem
1240 738 1426 784 totum
1445 722 1661 803 poe'nza
1688 719 1812 779 im-

167 806 388 889 meriti)
413 809 619 871 laudat
642 829 878 872 amator
895 808 1191 891 vetustatis
1206 828 1277 870 ac
1298 812 1579 873 venditat.
1601 809 1701 869 AE
1700 827 1815 891 quo

168 898 376 961 animo
404 896 572 980 fhrre
607 918 723 959 non
748 892 1021 981 poffitm,
1059 893 1352 978 scriptum
1399 896 1646 983 aliquod
1684 897 1815 957 ideo

168 987 546 1068 vituperari,
598 1006 714 1046 non
766 988 905 1070 quia
946 988 1163 1071 pingui
1209 989 1472 1049 minerva
1518 986 1820 1049 conditum

156 1073 285 1160 fit,
337 1095 456 1136 non
504 1073 646 1159 quia
696 1074 1065 1158 existimetur
1098 1070 1386 1159 invenuste
1428 1094 1600 1161 atque
1641 1071 1819 1156 insa-

171 1158 274 1225 bre
289 1158 533 1243 susum;
556 1158 674 1243 sed
707 1161 777 1223 ob
803 1163 957 1224 lzanc
978 1183 1155 1225 unam
1196 1160 1428 1245 causam
1447 1215 1469 1244 ,
1520 1158 1680 1247 quod
1701 1183 1820 1224 non

172 1252 269 1313 ita
297 1252 533 1331 pridem
567 1248 765 1331 suerit
810 1250 1219 1335 compositum,
1267 1253 1427 1334 quod
1464 1271 1671 1314 novum
1701 1250 1818 1336 fit:

174 1339 408 1401 demum
419 1335 744 1420 scriptores
763 1359 981 1401 veteres
991 1338 1077 1423 fic
1094 1338 1363 1402 laudibus
1390 1338 1637 1420 extolli,
1661 1337 1824 1423 quasi

175 1422 464 1510 nusquam
515 1423 893 1507 excusatione
935 1445 1039 1488 aut
1088 1428 1265 1489 venia
1311 1429 1655 1513 indigeant,
1713 1424 1834 1509 sed

176 1514 499 1577 honoribus
547 1516 841 1577 duntaxat
876 1513 1261 1601 praemiisque
1315 1517 1486 1600 digni
1531 1516 1673 1601 fint.
1724 1518 1826 1578 Ita

176 1604 339 1664 enim
368 1601 438 1685 se
471 1623 558 1663 res
601 1602 776 1666 lzabet
799 1603 888 1687 :fi
912 1605 1106 1665 dicam
1134 1602 1402 1666 dul-itare
1438 1626 1532 1666 me
1573 1625 1650 1666 an
1701 1605 1826 1666 Co—

179 1692 410 1754 maedia
452 1692 724 1775 quaedam
770 1690 842 1754 ab
894 1692 1064 1753 Titio
1111 1688 1384 1774 Quinc-Tio
1434 1692 1588 1756 Atta
1631 1689 1828 1753 elabo-
1879 1742 1884 1749 .

182 1794 323 1843 rata
347 1828 369 1859 ,
412 1774 624 1841 merito
671 1781 734 1841 in
764 1778 1005 1862 scenam
1036 1778 1296 1864 floribus
1347 1776 1406 1842 δ’
1453 1801 1625 1843 croco
1656 1777 1830 1862 spar-

167 1870 314 1951 Jam
330 1916 353 1947 ,
378 1870 786 1951 producatur,
808 1869 1019 1954 statim
1030 1866 1206 1950 senes
1235 1870 1664 1951 propemodum
1705 1889 1832 1929 om-

185 1976 291 2019 ncs
334 1955 741 2022 exclamabunt
762 1981 785 2037 ;
831 1957 1068 2042 insignis
1108 1952 1411 2040 cujusdam
1451 1958 1833 2041 impudentiae

184 2039 306 2128 effe
326 2089 350 2122 ,
382 2040 656 2123 fabulam
698 2043 984 2129 ejusmodi
1027 2046 1481 2128 reprehendere,
1529 2064 1707 2130 quam
1745 2063 1833 2107 to-

185 2134 301 2197 ties
352 2128 616 2214 AEsbpus
669 2131 727 2197 ev
777 2130 1036 2216 Roscius
1093 2133 1321 2220 egerint
1374 2150 1394 2196 .·
1436 2152 1640 2213 nempe
1661 2179 1683 2212 ,
1742 2131 1842 2194 vel

186 2221 335 2307 quia
366 2217 513 2302 ‚boni
554 2220 650 2307 isti
679 2221 849 2305 senes
890 2219 1047 2284 nihil
1069 2222 1410 2307 existimant
1446 2217 1655 2282 rec‘lum
1683 2216 1835 2304 ff,

189 2309 307 2395 nifi
355 2310 516 2393 quod
564 2309 674 2401 ipfi
717 2309 1049 2396 approbant
1088 2327 1108 2372 .·
1141 2309 1237 2372 rel
1272 2309 1413 2394 'quia
1453 2305 1679 2391 eosdem
1710 2328 1836 2389 pu-

192 2405 300 2461 det
343 2393 575 2480 obsequi
610 2393 953 2482 junioribus
978 2444 1001 2478 ,
1055 2418 1239 2483 neque
1289 2400 1503 2460 adduci
1554 2391 1834 2481 poffiznt,
1878 2444 1885 2451 .

190 2504 263 2549 ut
312 2489 593 2548 amittant
616 2533 636 2566 ,
689 2511 759 2552 ac
781 2486 1113 2570 spernant,
1160 2505 1340 2551 oetate
1369 2483 1507 2570 jam
1535 2484 1844 2569 prorecT'i,

136 2614 142 2620 ·
197 2595 271 2637 ea
315 2594 448 2656 quoe
487 2574 630 2638 olim
663 2577 775 2662 ipfi
811 2571 1154 2660 cum-efflat
1178 2574 1692 2660 adolescentiores,
1723 2596 1844 2635 mc-

196 2665 417 2727 moriae
459 2666 904 2730 mandaverunt.
954 2667 1272 2730 Praeterea
1292 2714 1314 2745 ,
1371 2666 1472 2749 qui
1517 2664 1735 2748 vetusta
1777 2663 1849 2724 icl

189 2772 379 2839 genus
412 2755 689 2816 -carmina
711 2802 734 2835 ,
793 2751 990 2839 quales
1019 2749 1168 2834 sunt
1204 2750 1400 2834 versus
1452 2750 1754 2827 Saliares,
1805 2745 1845 2810 ὰ
1897 2765 1900 2770 “

198 2843 410 2907 Numa
450 2842 740 2925 instituti,
782 2842 1155 2924 praedicant,
1204 2860 1383 2922 eaque
1418 2840 1604 2900 videri
1645 2838 1849 2900 volunt

182 2928 317 3015 soli
359 2929 684 3014 intelligere
707 2981 726 3011 ,
766 2951 900 3014 quae
933 2928 1043 3014 ipfi
1086 2924 1253 3012 aeque
1285 2949 1357 2990 ac
1397 2947 1500 2986 nos
1528 2928 1844 3010 ignorant;

200 3020 320 3082 hoc
362 3019 460 3080 illi
502 3040 621 3081 non
640 3019 883 3102 faciunt
902 3021 969 3081 in
991 3021 1252 3104 gratiam
1293 3011 1586 3078 auHorum
1620 3016 1851 3077 extinc-

201 3128 450 3187 torum,
504 3128 687 3191 neque
734 3111 895 3194 quod
932 3127 1130 3170 eorum
1188 3107 1484 3191 ingenium
1535 3099 1593 3165 C?
1638 3104 1850 3164 erudi-

205 3200 430 3260 tionem
460 3197 731 3259 deament
767 3219 837 3259 ac
851 3194 1189 3278 suspiciant
1215 3193 1361 3277 :sed
1381 3194 1643 3253 rivorum
1672 3193 1809 3252 odio
1829 3237 1850 3270 ‚

205 3305 280 3349 ac
296 3303 415 3367 per
436 3283 721 3349 invidiam
760 3308 865 3348 nos
890 3281 1177 3371 laceffunt
1197 3329 1220 3366 ,
1267 3283 1462 3366 nostra
1509 3300 1688 3362 opera
1715 3300 1857 3343 σαι·-

1366 3362 1540 3432 xiv
