2269 3773
498 177 668 286 ·518
906 176 1011 287 Q.
1074 174 1388 258 Horatii
1446 173 1736 259 Flacci.

501 309 769 380 65.Regis
803 327 938 379 opus
966 329 981 376 ;
1013 306 1261 365 sterilisve
1296 305 1388 363 din
1423 308 1575 376 palus
1595 350 1611 378 ‚
1654 325 1891 377 aptaque
1933 307 2123 381 remit,⁴

598 380 818 437 Vicinas
856 379 1009 436 urbes
1049 378 1177 449 alit,
1215 387 1268 436 &
1299 398 1464 462 grave
1496 378 1656 436 sentit
1690 396 1969 448 aratrum:
2061 408 2066 413 ·

597 453 703 509 Seu
744 450 953 509 cursum
989 451 1220 508 mutavit
1246 451 1491 521 iniqumn
1531 450 1780 521 frugibus
1808 450 2023 523 amnis,

597 523 807 580 Doctus
843 523 945 580 iter
985 523 1177 579 melius
1215 547 1227 577 ε
1266 521 1523 579 Mortalia
1558 522 1698 581 facta
1727 522 2010 594 peribunt&

596 593 811 656 Nedum
847 595 1153 652 sermonum
1198 597 1298 652 stet
1335 593 1509 653 honos
1527 639 1545 664 ,
1596 604 1650 652 &
1684 595 1860 666 gratia
1883 593 2061 654 vivax.

501 690 589 739 70,
608 666 784 724 Multa
822 667 1158 724 renascentur
1189 688 1305 738 quae
1339 667 1455 736 jam
1487 667 1753 737 cecidere,
1797 667 2092 738 cadentque

644 758 738 811 „uae
774 759 914 795 nunc
952 740 1073 797 sunt
1092 738 1148 795 in
1169 739 1370 796 honore
1411 740 1700 809 vocabula,
1745 739 1781 797 fi
1804 740 1957 795 volet
1977 738 2121 797 usus3

659 830 780 868 uem
801 830 958 881 penes
976 810 1255 868 arbitrium
1268 812 1364 883 est,
1388 820 1441 869 δ(
1455 812 1541 882 jus
1553 855 1569 883 ,
1588 820 1641 870 &
1655 832 1849 868 norma
1860 808 2123 884 loquendi.

666 952 774 1011 Res
795 955 954 1025 gestae
972 953 1298 1026 Regumque
1309 998 1325 1026 ,
1345 952 1677 1025 ducumque,
1699 962 1756 1011 &
1774 954 1947 1015 tristia
1960 953 2125 1022 bella,

496 1058 503 1066 ·
596 1024 728 1101 Quo
747 1025 899 1084 scribi
936 1027 1145 1097 possent
1181 1047 1439 1097 numere,
1477 1026 1800 1085 monstravit
1835 1028 2120 1084 Homerus.

497 1187 589 1239 75.
660 1168 913 1227 Versibus
947 1170 1223 1240 impariter
1250 1169 1446 1240 junffis
1493 1168 1831 1241 querimonia
1857 1167 2088 1240 primum

594 1239 718 1296 Post
754 1242 918 1298 etiam
956 1241 1154 1299 inclusa
1183 1245 1257 1300 cst
1296 1243 1410 1300 voti
1447 1241 1701 1300 sententia
1736 1254 1977 1311 compos.

595 1311 739 1441 ‘Quis
773 1330 952 1370 tamen
972 1314 1197 1385 exiguos
1235 1318 1419 1386 elegos
1460 1314 1694 1371 emiserit
1727 1314 1948 1382 auster,

650 1385 944 1444 rammatici
981 1405 1212 1460 certant,
1253 1395 1307 1445 &
1339 1385 1511 1444 adhuc
1545 1386 1642 1444 sub
1684 1384 1863 1455 judice
1905 1384 1969 1442 lis
1994 1384 2085 1441 est.

662 1526 1055 1587 Archilochum
1092 1528 1314 1600 proprio
1346 1529 1515 1588 rabies
1541 1527 1769 1587 armavit
1804 1527 2005 1587 iambo.

554 1734 649 1797 65.
678 1732 828 1803 Regis
856 1704 996 1799 opus,
1020 1739 1077 1786 Id
1111 1737 1211 1798 est,
1248 1738 1444 1804 regale,
1469 1746 1659 1805 Regem
1693 1738 1833 1788 enim
1854 1709 2114 1804 Augustum

497 1801 730 1850 Horatius
755 1837 772 1863 ‚
816 1801 1064 1850 invidioso
1102 1819 1225 1852 tunc
1257 1806 1464 1855 nomine
1487 1840 1502 1866 ,
1539 1810 1644 1853 no'n
1676 1805 1972 1868 appellass'et.

569 1862 748 1916 Palus.
781 1868 1045 1930 Pomptina
1064 1905 1078 1931 ‚
1104 1869 1202 1917 five
1228 1870 1445 1919 Pontina
1462 1906 1478 1932 ,
1514 1871 1652 1933 palus
1675 1870 1741 1920 est
1768 1871 1827 1919 in
1859 1868 1995 1919 Italia
2015 1906 2031 1931 ,
2063 1869 2116 1919 in
2209 1886 2214 1893 ⁴

502 1931 642 1982 Latio
664 1968 678 1993 ‚
723 1934 854 1982 inter
890 1932 1070 1984 fluvios
1101 1934 1320 1984 Asturam
1349 1934 1408 1985 &
1433 1935 1725 1986 Amasenum
1754 1972 1770 1996 ,
1809 1951 1915 1984 non
1951 1935 2116 1998 procul

501 2001 561 2045 ab
590 1997 699 2045 foro
723 1998 893 2060 Appii.
922 2005 1037 2047 Eam
1073 2000 1198 2047 olim
1226 2000 1540 2060 exficcaverat
1571 2002 1840 2050 Cornelius
1874 2003 2119 2064 Cethegus

499 2062 673 2114 consul
697 2099 712 2123 ,
739 2062 855 2111 teste
894 2064 1067 2113 Plinio
1091 2066 1203 2114 Lib.
1235 2072 1394 2116 1V.’c.
1433 2082 1484 2124 4.
1523 2065 1700 2115 Verum
1719 2103 1734 2128 ‚
1760 2066 1874 2115 eum
1915 2065 2118 2115 subinde

498 2126 614 2177 effer
641 2128 778 2188 aquis
803 2128 994 2191 oppleta
1013 2165 1028 2191 ‚
1073 2128 1131 2179 Sc
1153 2130 1352 2180 vicinus
1386 2146 1502 2197 ager
1536 2131 1721 2182 sterilis
1743 2132 1930 2195 jaceret
1946 2165 1965 2191 ‚
2008 2135 2116 2179 Au-

501 2192 665 2256 gustus
696 2193 873 2242 iterum
911 2209 1018 2242 eam
1057 2195 1272 2244 siccavit.
1790 2213 1812 2234 ⁹
1896 2233 1902 2239 -

568 2257 648 2321 67.
682 2256 777 2308 Seu
803 2259 986 2322 cursum
1009 2295 1024 2320 ,
1066 2259 1173 2310 δῖε.
1203 2260 1327 2309 Cum
1360 2261 1624 2310 exundaret
1653 2261 1849 2311 Tiberis
1868 2297 1884 2323 ,
1930 2259 2118 2310 coneus

501 2320 569 2370 est
610 2325 785 2385 partim
820 2325 1044 2373 extrustis
1088 2326 1294 2389 Augusti
1335 2326 1457 2389 juffu
1490 2327 1741 2388 molibus,
1783 2327 1959 2389 partim
1981 2329 2117 2387 aquis

501 2386 559 2434 in
586 2388 736 2438 alium
780 2390 974 2438 alveum
1007 2390 1244 2440 derivatis
1265 2428 1280 2454 ,
1325 2407 1520 2453 parcere
1555 2392 1690 2458 agris
1730 2408 1785 2443 ac
1830 2406 2114 2453 temperare.

514 2492 518 2497 .
567 2451 649 2514 69.
686 2451 908 2516 Nedum,
956 2453 1059 2504 δίς.
1089 2462 1279 2520 Regum
1317 2472 1460 2519 opera
1493 2472 1600 2505 non
1635 2456 1751 2506 sunt
1779 2456 2074 2518 sempiterna
2097 2486 2132 2516 ,.

500 2513 679 2577 quanto
702 2518 864 2567 minus
886 2524 1062 2569 verba!
1097 2522 1384 2570 Mortalium
1410 2523 1636 2584 omnium
1661 2538 1810 2585 opera
1829 2521 2116 2581 concidunt,

506 2585 686 2641 quanto
716 2584 870 2646 magis
902 2584 1016 2643 ipsse
1054 2601 1202 2634 voces
1245 2587 1521 2635 dilabentur
1567 2585 1623 2635 δί
1660 2587 1951 2636 senescenti

565 2659 648 2710 73.
695 2645 791 2696 Res
829 2647 965 2713 gesta
989 2686 1004 2710 ‚
1055 2648 1162 2699 &a
1191 2658 1306 2700 Non
1346 2652 1459 2699 satis
1491 2651 1559 2700 est
1597 2667 1747 2701 voees
1783 2653 1989 2701 idoneas
2025 2652 2115 2700 de·

499 2709 686 2775 ligere3
710 2712 1037 2763 adhibendum
1060 2716 1209 2764 etiam
1242 2718 1478 2766 carminis
1499 2732 1657 2783 genus
1682 2731 1977 2783 argumento
1996 2733 2121 2766 eon-

501 2791 705 2842 gtuensz
744 2784 809 2826 Ea
838 2779 896 2826 de
924 2795 977 2828 re
1012 2796 1149 2829 nunc
1170 2781 1289 2845 agit.

563 2854 646 2906 74.
688 2841 802 2908 Quo
826 2843 978 2905 firihi
1028 2845 1188 2912 versia.
1230 2850 1438 2898 Hero'ieo
1466 2845 1653 2896 scilicet
1678 2845 1760 2907 qui
1804 2846 2015 2895 sonorus
2061 2846 2118 2895 in

499 2909 675 3017 {nmis
697 2943 712 2969 ‚
742 2907 798 2957 &
836 2910 1123 2960 numerosus
1157 2912 1243 2962 est.
1278 2915 1391 2978 Non
1417 2914 1582 2960 omnis
1606 2911 1775 2961 versus
1810 2913 2116 2972 hexameter,

537 2978 732 3022 ero‘icus
767 2974 937 3023 itidem
980 2976 1065 3024 est.
1091 2975 1372 3026 Istiversus
1405 2978 1580 3039 quibus
1607 2977 1764 3027 utitur
1785 2975 1932 3026 modo
1964 2983 2125 3026 Hora-

506 3035 646 3099 tius,
682 3040 950 3089 hexametri
990 3041 1105 3094 sunt
1129 3077 1146 3101 ,
1181 3043 1367 3091 hero'ici
1413 3058 1517 3091 non
1556 3042 1689 3093 sunt.

561 3113 642 3161 75.
670 3102 934 3165 Imparr'ter
972 3107 1172 3167 Jundis.
1211 3106 1383 3156 Altero
1416 3107 1639 3171 longiori
1675 3108 1775 3155 sive
1801 3109 2124 3170 hexametro;

496 3163 669 3291 ἕξει-38
687 3169 931 3279 laevior-i,
966 3172 1048 3221 seu
1090 3186 1430 3237 pentametro,
1457 3174 1541 3235 qui
1587 3173 1784 3237 proprie
1808 3173 1973 3226 versus
2008 3174 2128 3225 ele-
