2269 3773
501 176 678 262 Lib.
738 173 1187 266 ILSatira
1247 173 1414 258 III.
1509 253 1514 258 ,
1611 200 1766 290 391

165 309 489 393 imperavi,
521 311 641 396 five
673 310 842 395 secus
865 351 884 383 ‚
911 309 1211 398 inquiebat
1230 311 1332 372 ille
1354 358 1373 391 ,
1401 331 1597 373 omnes
1622 313 1781 394 aequi

159 397 300 461 boni
338 397 641 480 consulant
662 422 688 479 ,·
733 420 899 464 nemo
926 421 1017 462 me
1039 445 1058 479 ,
1087 418 1364 484 tanquam
1392 397 1628 479 severus
1651 439 1669 468 ‚
1713 395 1772 458 fe

150 490 349 574 gravis
382 506 632 569 patruus
674 481 958 575 objurget.
1006 490 1186 551 Hanc
1218 506 1370 568 puto
1399 485 1588 572 sutffe
1620 490 1779 550 Sta-

159 574 308 638 berii
350 595 597 642 mentem
623 624 646 657 ,
693 578 806 639 virt
847 578 1047 661 utique
1079 577 1311 639 cordati
1336 620 1530 640 .....
1584 575 1778 656 Quid,

159 664 198 725 ὂ
241 666 495 727 Stertini
518 711 538 744 ‚
584 658 798 750 veniffe
845 667 910 726 in
963 684 1211 727 mentem
1258 660 1531 727 Staberio
1576 665 1727 738 dicio
1749 707 1773 738 ,

157 755 308 839 quid
321 752 413 813 illi
438 752 664 838 consilii
690 747 880 838 fiflffe
897 771 1075 835 putas
1100 800 1123 832 ,
1152 773 1258 815 cur
1280 748 1578 834 summam
1606 771 1781 833 opum

138 838 392 923 suarum
426 843 624 902 notari
643 836 880 923 J'uberet
915 835 953 901 ὰ
987 839 1121 921 suis
1157 838 1463 904 heredibus
1503 843 1568 904 in
1606 860 1780 901 mar·-

151 947 317 991 more
337 925 459 1010 sui
466 925 768 1010 sepulchri
795 924 833 991 Ρ
883 930 1153 1007 Dicam,
1211 928 1588 1012 Damafippe.
1650 927 1773 992 Vi-

155 1017 367 1079 delicet
382 1036 789 1099 paupertatem
811 1014 916 1078 ille
939 1061 958 1095 ,
994 1017 1132 1077 dum
1155 1017 1310 1077 vixit
1321 1061 1344 1093 ,
1372 1016 1621 1100 ingentis
1642 1017 1778 1077 vitii

159 1101 224 1166 δ’
266 1103 565 1186 opprobrii
600 1103 730 1167 loco
776 1103 996 1181 duxit-,
1053 1103 1202 1163 adeo
1236 1120 1303 1163 ut
1324 1103 1481 1164 nilzil
1520 1104 1780 1187 dilt'gen·

155 1186 525 1276 tiusfugerit
544 1240 565 1271 ,
590 1185 773 1277 seque
798 1190 1090 1251 hominem
1113 1188 1437 1270 improbum
1463 1237 1484 1268 ,
1516 1213 1584 1255 ac
1603 1192 1781 1255 nihili

135 1278 291 1364 sbre
324 1275 628 1361 judicaret
651 1326 670 1357 ,
703 1277 759 1361 fi
786 1276 890 1340 vel
932 1280 1149 1361 quartd
1185 1278 1353 1339 unius
1395 1278 1524 1365 affis
1554 1298 1731 1360 parte
1750 1277 1790 1361 ,'
1830 1323 1836 1329 -

136 1369 515 1451 pauperior,
561 1362 737 1451 quarn
775 1367 1043 1443 vixerat,
1092 1381 1434 1431 moreretur.
1499 1368 1775 1450 Denique

86 1477 97 1480 ²
152 1455 273 1519 hoc
303 1453 420 1539 fibi
451 1450 632 1536 plan>
674 1449 1096 1534 persuaserat,
1141 1454 1462 1531 virtutem,
1492 1452 1776 1536 famam,

146 1542 453 1629 gloriam,
498 1544 698 1603 divina
738 1537 796 1602 δ’
844 1540 1098 1602 humana
1139 1538 1340 1603 om'nia
1381 1540 1778 1623 obtemperare

156 1650 234 1692 ac
252 1628 475 1712 servire
524 1629 787 1708 divitiis,
838 1647 979 1711 quas
1017 1631 1119 1713 qui
1164 1630 1457 1714 congestas
1496 1617 1772 1713 haberet',

158 1718 317 1780 hunc
359 1713 486 1779 vere
518 1715 769 1778 nobilem
815 1712 964 1799 effe,
1010 1717 1201 1778 virum
1227 1714 1456 1800 fortem
1501 1740 1573 1781 ac
1600 1720 1772 1803 stre-

156 1824 337 1870 nuum
365 1851 383 1884 ,
416 1801 639 1890 justum
675 1852 696 1883 ,
743 1800 1072 1884 sapientem
1096 1850 1115 1884 ,
1172 1822 1360 1891 regem
1405 1826 1669 1892 quoque,
1712 1803 1775 1870 δ’

155 1895 440 1981 quicquid
480 1896 707 1956 demum
750 1893 1003 1955 libuerit.
1053 1895 1330 1975 Speravit
1366 1894 1554 1980 igitur
1581 1894 1811 1976 futu--

158 2002 289 2045 rum
320 2001 406 2045 -ut
448 2003 619 2065 opum
656 1979 904 2064 suarum
945 1984 1422 2044 commemoratio
1466 1987 1530 2044 in
1558 1986 1775 2053 tumuli

142 2070 365 2156 saxum
391 2070 621 2155 incisa',
664 2069 983 2151 plurimum
1009 2067 1117 2150 ipfi
1141 2072 1301 2151 apud
1303 2073 1563 2155 posteros
1583 2070 1778 2132 laudis
1825 2076 1830 2080 ’

106 2231 119 2243 ⁴
159 2159 506 2222 conciliaret
528 2207 551 2239 ,
603 2177 880 2241 tanquam
919 2156 1140 2244 illustre
1186 2159 1590 2222 documentum
1619 2156 1776 2238 sru-

154 2249 424 2334 galitatis
449 2294 470 2325 ‚
517 2245 895 2330 parfimoniae
918 2291 940 2324 ,
991 2262 1448 2329 caeterarumque
1494 2250 1777 2309 virtutum

160 2334 365 2418 q'ur'bus
404 2335 537 2397 illas
573 2354 708 2417 opes
734 2327 1142 2417 comparaſj'et‚
1199 2331 1294 2403 At
1316 2331 1491 2419 quam
1528 2334 1777 2401 Saberio

159 2422 448 2505 diffimilis
460 2418 594 2503 fuit
616 2421 949 2507 Aristippus
972 2425 1146 2484 homo
1173 2423 1418 2487 Groecus
1440 2417 1476 2485 ,Ρ
1511 2424 1614 2505 qui
1640 2423 1778 2486 dum

147 2532 270 2593 per
286 2508 563 2593 Africam
590 2512 708 2573 iter
733 2509 968 2592 faceret
1005 2507 1335 2591 cumservis
1358 2512 1575 2596 onustis
1600 2532 1773 2592 auro,

162 2596 369 2681 cosque
404 2594 716 2681 propterea
760 2594 975 2661 lentius
1018 2599 1282 2662 incedere
1324 2618 1628 2682 cerneret,
1664 2598 1779 2662 ab·-

146 2681 343 2769 jicere
354 2683 656 2767 sarcinam
676 2689 1035 2769 quantumvis
1053 2685 1372 2769 pretiosam
1396 2683 1576 2774 J‘uffit.
1630 2693 1802 2757 Uter¹

161 2768 300 2836 vero
340 2775 639 2837 amborum
689 2774 910 2859 insanit
943 2772 1337 2840 vehementius
1369 2771 1408 2839 ?
1453 2781 1611 2842 Sane
1635 2826 1658 2858 ,
1701 2781 1804 2841 ad.

160 2863 551 2924 dirimendam
576 2860 1017 2945 controversiam
1041 2866 1313 2927 idoneum
1336 2885 1455 2928 non
1472 2870 1556 2953 est
1577 2887 1780 2929 exem-

150 2949 322 3031 plum
341 2998 364 3030 ,
408 2954 569 3034 quod
572 2951 822 3036 fimilem
850 2951 1291 3035 controverfiam
1305 2956 1491 3035 parit.
1537 2956 1781 3039 Frustra

161 3037 352 3121 igitur
361 3037 602 3121 profers
621 3039 917 3125 Artstippi
948 3035 1175 3121 facTum
1202 3086 1224 3119 ,
1267 3043 1427 3123 quod
1444 3064 1559 3106 non
1584 3039 1779 3105 minus

162 3123 430 3206 insanum
441 3125 576 3210 suit
604 3176 624 3205 ,
674 3126 847 3213 quam
874 3129 1034 3210 quod
1059 3125 1216 3209 fecit
1250 3128 1569 3194 Staberius.
1624 3134 1784 3194 Utar

160 3214 349 3300 igitur
385 3216 666 3299 exemplis
712 3216 1142 3301 apertioribus:
1173 3239 1279 3303 age
1302 3264 1319 3292 ,
1362 3222 1508 3293 quid
1541 3222 1611 3281 de
1657 3217 1779 3278 illis

488 3326 501 3341 ·
1246 3302 1307 3366 R
1362 3300 1430 3368 iv
