2269 3773
457 244 623 359 298
854 218 1173 323 Horatii
1192 218 1199 224 .
1232 238 1308 322 S
1307 218 1681 319 atirarelm

554 378 642 435 De
686 370 986 444 Capitolini
1026 369 1208 429 Furtis
1249 371 1443 440 injesta
1481 368 1661 428 Petilli

558 450 644 508 Te
684 466 865 503 coram
898 442 1088 517 fuerit,
1126 442 1374 500 defendas
1410 458 1472 499 ut
1506 462 1630 501 tuus
1664 439 1741 496 est
1780 460 1905 500 mos
1929 464 1952 498 .·

456 522 665 600 ·95,Me
708 517 1054 589 Capitolinus
1086 516 1389 574 convictore
1430 515 1550 572 usus
1588 513 1873 587 amicoque

573 594 628 652 A
667 611 832 662 puero
870 591 984 660 est,
1031 587 1289 659 causaque
1326 588 1445 645 mea
1479 587 1745 659 permulta
1780 600 2015 656 rogatus

562 665 748 730 Fecit3
793 668 881 735 &‚
917 659 1205 718 incolumis
1250 664 1402 718 laetor
1441 658 1587 731 quod
1612 658 1763 715 'vivit
1802 660 1855 714 in
1897 657 2099 716 Urbe:

560 737 668 794 Sed
715 752 896 791 tamen
935 731 1209 804 admiror,
1250 753 1357 805 quo
1392 734 1551 803 pasto
1593 729 1855 800 judicium
1900 728 2042 788 illud

563 805 808 875 Fugerit.
851 804 956 861 Hic
995 805 1164 876 nigrae
1202 806 1382 863 succus
1418 803 1693 876 loliginis,
1731 800 1846 859 haec
1883 804 1962 858 est

465 905 582 944 100.
602 880 816 950 AErugo
850 896 998 933 mera
1018 875 1201 960 :quod
1236 877 1434 935 vitium
1464 876 1650 946 procul
1684 874 1835 957 afore
1867 874 2101 949 chattis,

560 954 641 1012 At
683 971 747 1008 ue
785 949 968 1006 animo
1006 969 1153 1020 prms
1176 992 1192 1020 ,
1232 968 1292 1007 ut
1329 946 1366 1005 fi
1405 947 1533 1019 quid
1578 962 1893 1018 promxttere
1912 947 1979 1008 dc
2002 968 2098 1006 me

559 1026 637 1084 Po
687 1042 780 1079 um
819 1017 993 1092 aliud,
1033 1019 1160 1078 vere
1198 1019 1482 1108 promitto,
1524 1016 1768 1076 Liberius
1805 1018 1842 1075 st

559 1097 765 1155 Dixero
802 1090 929 1165 quid
954 1137 970 1165 ‚
1013 1090 1050 1150 fi
1078 1095 1219 1150 forte
1255 1090 1519 1163 iocosius,
1564 1091 1668 1148 hoc
1705 1087 1839 1146 mihi
1883 1092 2022 1160 juris

563 1168 712 1227 Cum
751 1166 905 1222 venia
947 1163 1113 1224 dabis.
1145 1164 1379 1224 Insuevit
1417 1183 1566 1236 pater
1605 1162 1844 1234 optimus
1871 1174 1977 1222 hoc
2004 1186 2100 1223 me

470 1244 686 1316 105.Ut
719 1238 967 1310 fugerem
993 1280 1009 1309 ,
1045 1238 1301 1309 exemplis
1319 1237 1579 1294 vitiorum
1608 1255 1833 1307 quaeque
1854 1237 2109 1296 notanda

565 1313 715 1372 Cum
751 1330 839 1367 me
880 1308 1221 1382 hortaretur,
1253 1311 1444 1384 parce,
1478 1306 1761 1380 frugaliter
1782 1351 1800 1377 ,
1834 1328 2001 1381 atque

563 1385 827 1443 Vivetem
865 1381 944 1439 uti
984 1399 1265 1441 contentus
1303 1403 1371 1441 eo
1394 1380 1538 1472 quod
1579 1380 1657 1437 mi
1689 1379 1797 1447 ipse
1825 1383 2060 1451 parass'et
2082 1407 2103 1442 ε

547 1455 760 1514 ·Nonne
803 1453 951 1511 vides
973 1499 989 1526 ,
1022 1453 1154 1512 Albi
1193 1472 1255 1512 ut
1296 1457 1436 1511 male
1474 1453 1619 1511 vivat
1652 1451 1822 1527 filius,
1865 1455 2025 1525 utqui

465 1534 468 1539 '
560 1528 757 1587 Barrus
782 1527 978 1597 inops?
1003 1546 1270 1599 magnum
1302 1525 1718 1599 documentum,
1759 1547 1825 1584 ne
1865 1527 2109 1599 patriam

835 1618 952 1655 rem

473 1669 832 1731 110.Perdere
870 1668 988 1741 quis
1019 1671 1175 1728 velit.
1202 1669 1258 1728 A
1295 1669 1442 1742 turpi
1479 1670 1770 1728 meretricis
1800 1691 1991 1730 amore

568 1741 717 1801 Cum
757 1741 1044 1801 deterreret
1064 1787 1087 1813 ,
1116 1743 1331 1800 Sefiani
1369 1741 1624 1802 dissimilis
1654 1743 1737 1801 fis,

566 1813 655 1872 Ne
684 1815 926 1888 sequerer
960 1813 1234 1890 moechas,
1270 1813 1510 1873 concessa
1547 1816 1672 1873 cum
1714 1815 1926 1874 Venere
1947 1814 2036 1874 uti

538 1970 897 2035 984Admiror
925 2009 939 2036 ,
992 1971 1098 2024 Ste-
1143 1973 1401 2038 significat
1436 1971 1524 2021 iste
1564 1973 1833 2022 maledicus
1857 2009 1872 2034 ‚
1917 1972 1979 2024 &1
2014 1976 2115 2023 in-

473 2038 589 2088 nuit
616 2040 876 2092 Petillium
899 2040 1228 2092 innocentem
1263 2055 1370 2089 non
1413 2038 1592 2100 fuiffe,
1637 2055 1799 2101 neque
1831 2040 1939 2103 iure
1992 2056 2114 2104 ρω-

475 2121 594 2155 nam
626 2106 851 2156 evolaffe.

461 2227 464 2232 ,
545 2186 632 2235 99.
664 2168 864 2222 Saccus.
912 2170 1157 2236 loliginis.
1204 2170 1420 2237 Loligo,
1466 2169 1613 2233 piscis
1663 2169 1728 2218 est
1755 2206 1772 2231 ,
1818 2186 1976 2220 atrum
2024 2187 2121 2221 ore

474 2238 671 2285 succum
726 2238 1019 2297 effundens,
1064 2234 1175 2286 cum
1220 2236 1269 2283 se
1309 2237 1602 2299 capiendum
1626 2259 1627 2264 ¹
1653 2236 1747 2285 esse
1784 2238 2115 2287 animadver-

477 2303 576 2365 tit,
618 2317 674 2351 ut
709 2305 827 2364 aqua
863 2303 927 2352 suc
959 2302 1205 2352 obscurata
1237 2301 1384 2353 lateat
1414 2319 1468 2351 ac
1504 2301 1706 2360 fiacssius
1735 2300 1957 2367 effugiat.
1995 2310 2117 2351 Suc-

477 2384 563 2417 cus
620 2367 712 2415 loli
752 2368 855 2417 inis
894 2368 1163 2432 appellatur
1204 2367 1283 2417 hic
1329 2368 1488 2416 oratio
1536 2368 1743 2416 invidiae
1789 2384 1842 2417 ac
1880 2370 2114 2417 malevo-

474 2432 647 2481 Ientiae
688 2441 834 2497 pena
858 2469 875 2494 ,
908 2450 1013 2495 quae
1044 2432 1246 2482 alterius
1283 2432 1497 2497 famam,
1522 2448 1751 2496 tanquam
1796 2448 2073 2483 atramento
2098 2470 2120 2498 ,

465 2497 721 2561 maculat,
753 2498 1030 2560 inficitque.
2049 2521 2054 2523 ·

547 2575 660 2613 100⁷.
714 2562 929 2627 AErugo.
988 2564 1180 2612 Vitium
1237 2562 1304 2612 est
1349 2564 1464 2613 aer'is
1504 2580 1558 2613 ac
1607 2567 1782 2627 tabes-3
1824 2577 1883 2613 ut
1927 2565 2119 2630 rubigo

476 2627 616 2675 ferri.
668 2629 1087 2687 Quemadmodum
1133 2629 1288 2694 igitur
1329 2645 1397 2678 aes
1445 2632 1702 2696 aerugine,
1749 2634 1819 2679 ita
1875 2634 2125 2681 obn-esta-

481 2692 707 2741 tionibus
747 2691 909 2740 aliena
943 2692 1071 2741 fama
1120 2696 1310 2743 roditur
1350 2693 1406 2744 Sc
1444 2698 1710 2757 pet-editur.

466 2785 470 2789 -
552 2770 667 2814 104.
706 2754 924 2817 ΙηΙῖιενῑε
956 2761 1043 2806 hoc
1074 2777 1165 2809 me.
1189 2764 1265 2808 Ab
1303 2760 1526 2810 insuesco
1553 2797 1568 2822 ‚
1603 2760 1682 2810 cui
1708 2763 1859 2810 verbo
1882 2796 1897 2821 ,
1932 2763 2119 2813 itidem

467 2836 624 2882 ‚atque
668 2822 915 2885 consuesco
936 2860 951 2885 ‚
983 2823 1124 2889 iungi
1162 2826 1321 2888 potest·
1342 2826 1597 2876 accusandi
1632 2827 1807 2886 casus,
1834 2826 1981 2877 fimul
2000 2846 2121 2878 cum

481 2885 738 2936 auferendi
775 2889 883 2938 casu
920 2909 931 2937 ς
961 2890 1195 2954 aliquem
1239 2891 1495 2940 assuescere
1530 2894 1688 2953 aiiqua
1722 2908 1797 2940 re.
1842 2898 1918 2940 Ita
1952 2896 2119 2944 Colu-

486 2951 636 3001 mella
671 2989 687 3016 ,
726 2954 1152 3004 Latini'serrnonis
1192 2961 1350 3005 auctor
1383 2957 1592 3007 idoneus
1614 2994 1629 3020 ‚
1665 2958 1917 3018 quuitur..
1973 2962 2123 3020 Quod

469 3019 751 3074 *Lambinus
782 3020 995 3069 nescivit
1022 3056 1038 3082 ,
1078 3020 1163 3083 qui
1200 3022 1371 3069 contra
1424 3022 1664 3073 librorum
1708 3022 1939 3071 omniu-m
1979 3038 2123 3075 vete-

488 3098 597 3133 rum
625 3085 805 3143 pariter
850 3102 901 3133 ac
934 3088 1266 3135 recentiorum
1291 3090 1619 3138 austeritatem
1659 3088 1880 3139 &fidem
1902 3124 1917 3149 ‚
1953 3106 2123 3141 emen-

486 3151 597 3198 dat:
640 3149 804 3200 locum
836 3151 969 3200 hunc
999 3167 1103 3199 non
1153 3153 1338 3201 dubitat
1399 3153 1456 3202 «Sc
1488 3152 1687 3219 legere,
1738 3155 1930 3217 Infi-vr‘t
1976 3173 2125 3221 pater

487 3214 698 3279 optimus
727 3217 806 3265 lzic
844 3219 916 3266 ml
945 3236 961 3265 .·
1000 3217 1216 3278 insevit,
1271 3222 1328 3266 ab
1375 3218 1538 3269 insero
1560 3256 1578 3287 ,
1611 3221 1664 3272 id
1700 3220 1769 3272 est
1792 3257 1809 3286 ,
1854 3223 1953 3273 hoc
1993 3223 2118 3274 mihi

487 3282 804 3347 ingeneravit
823 3316 843 3348 ,
890 3281 1170 3346 indiditque
1193 3317 1211 3349 ‚
1259 3300 1314 3335 ut
1344 3279 1452 3339 &m
