<?xml version="1.0" encoding="UTF-8"?>
<!DOCTYPE html PUBLIC "-//W3C//DTD XHTML 1.0 Transitional//EN"
    "http://www.w3.org/TR/xhtml1/DTD/xhtml1-transitional.dtd">
<html xmlns="http://www.w3.org/1999/xhtml" xml:lang="en" lang="en">
 <head>
  <title>
</title>
<meta http-equiv="Content-Type" content="text/html;charset=utf-8" />
  <meta name='ocr-system' content='tesseract 3.04.00' />
  <meta name='ocr-capabilities' content='ocr_page ocr_carea ocr_par ocr_line ocrx_word'/>
</head>
<body>
  <div class='ocr_page' id='page_1' title='image "./quintihoratiifl08horagoog_0357.png"; bbox 0 0 2269 3773; ppageno 0'>
   <div class='ocr_carea' id='block_1_1' title="bbox 567 241 1740 359">
    <p class='ocr_par' dir='ltr' id='par_1_1' title="bbox 567 241 1740 359">
     <span class='ocr_line' id='line_1_1' title="bbox 567 241 1740 359; baseline -0.003 -29"><span class='ocrx_word' id='word_1_1' title='bbox 567 247 718 337; x_wconf 79' lang='lat' dir='ltr'><strong><em>Lib</em></strong></span> <span class='ocrx_word' id='word_1_2' title='bbox 777 246 847 331; x_wconf 90' lang='grc' dir='ltr'><strong><em>Ι.</em></strong></span> <span class='ocrx_word' id='word_1_3' title='bbox 920 241 1193 330; x_wconf 86' lang='lat' dir='ltr'><strong><em>Satira</em></strong></span> <span class='ocrx_word' id='word_1_4' title='bbox 1249 241 1409 330; x_wconf 85' lang='lat' dir='ltr'><strong><em>XI.</em></strong></span> <span class='ocrx_word' id='word_1_5' title='bbox 1581 270 1740 359; x_wconf 79' lang='lat'><strong><em>345</em></strong></span> 
     </span>
    </p>
   </div>
   <div class='ocr_carea' id='block_1_2' title="bbox 103 375 1817 3437">
    <p class='ocr_par' dir='ltr' id='par_1_2' title="bbox 103 375 1817 3437">
     <span class='ocr_line' id='line_1_2' title="bbox 120 375 1750 470; baseline -0.006 -21"><span class='ocrx_word' id='word_1_6' title='bbox 120 380 369 470; x_wconf 75' lang='lat' dir='ltr'><strong><em>viciffim</em></strong></span> <span class='ocrx_word' id='word_1_7' title='bbox 387 430 410 462; x_wconf 89' lang='lat'>,</span> <span class='ocrx_word' id='word_1_8' title='bbox 451 401 519 446; x_wconf 85' lang='lat' dir='ltr'><strong><em>ut</em></strong></span> <span class='ocrx_word' id='word_1_9' title='bbox 546 383 635 467; x_wconf 87' lang='lat' dir='ltr'><strong><em>fit</em></strong></span> <span class='ocrx_word' id='word_1_10' title='bbox 660 430 681 463; x_wconf 92' lang='lat'>‚</span> <span class='ocrx_word' id='word_1_11' title='bbox 720 379 1058 464; x_wconf 72' lang='lat' dir='ltr'><strong><em>fttscitanti</em></strong></span> <span class='ocrx_word' id='word_1_12' title='bbox 1097 377 1420 463; x_wconf 82' lang='lat' dir='ltr'><em>respondet.</em></span> <span class='ocrx_word' id='word_1_13' title='bbox 1468 375 1598 444; x_wconf 77' lang='lat' dir='ltr'><strong><em>Hic</em></strong></span> <span class='ocrx_word' id='word_1_14' title='bbox 1647 399 1750 464; x_wconf 74' lang='lat' dir='ltr'><strong><em>ego</em></strong></span> 
     </span>
     <span class='ocr_line' id='line_1_3' title="bbox 117 466 1752 558; baseline -0.005 -22"><span class='ocrx_word' id='word_1_15' title='bbox 117 477 272 555; x_wconf 81' lang='lat' dir='ltr'><strong><em>coepi</em></strong></span> <span class='ocrx_word' id='word_1_16' title='bbox 300 474 593 558; x_wconf 85' lang='lat' dir='ltr'><strong><em>stringere</em></strong></span> <span class='ocrx_word' id='word_1_17' title='bbox 617 519 640 551; x_wconf 88' lang='lat'><em>,</em></span> <span class='ocrx_word' id='word_1_18' title='bbox 691 468 748 533; x_wconf 68' lang='grc' dir='ltr'><strong><em>δ’</em></strong></span> <span class='ocrx_word' id='word_1_19' title='bbox 781 471 996 533; x_wconf 88' lang='lat' dir='ltr'><strong><em>leniter</em></strong></span> <span class='ocrx_word' id='word_1_20' title='bbox 1032 469 1306 531; x_wconf 78' lang='lat' dir='ltr'><em>vellicare</em></span> <span class='ocrx_word' id='word_1_21' title='bbox 1346 468 1574 531; x_wconf 77' lang='lat' dir='ltr'><strong><em>homini</em></strong></span> <span class='ocrx_word' id='word_1_22' title='bbox 1611 466 1752 528; x_wconf 83' lang='lat' dir='ltr'><strong><em>bra-</em></strong></span> 
     </span>
     <span class='ocr_line' id='line_1_4' title="bbox 123 554 1757 642; baseline -0.006 -18"><span class='ocrx_word' id='word_1_23' title='bbox 123 564 267 624; x_wconf 72' lang='lat' dir='ltr'><strong><em>clzia</em></strong></span> <span class='ocrx_word' id='word_1_24' title='bbox 288 583 314 640; x_wconf 89' lang='lat'><strong><em>,·</em></strong></span> <span class='ocrx_word' id='word_1_25' title='bbox 383 554 587 623; x_wconf 70' lang='lat' dir='ltr'><strong><em>verum</em></strong></span> <span class='ocrx_word' id='word_1_26' title='bbox 629 559 732 622; x_wconf 89' lang='lat' dir='ltr'><strong><em>ille</em></strong></span> <span class='ocrx_word' id='word_1_27' title='bbox 783 554 1058 642; x_wconf 86' lang='lat' dir='ltr'><strong><em>prensari</em></strong></span> <span class='ocrx_word' id='word_1_28' title='bbox 1103 555 1163 620; x_wconf 67' lang='grc' dir='ltr'><strong><em>δ’</em></strong></span> <span class='ocrx_word' id='word_1_29' title='bbox 1216 556 1351 620; x_wconf 77' lang='lat' dir='ltr'><strong><em>velli</em></strong></span> <span class='ocrx_word' id='word_1_30' title='bbox 1402 556 1517 638; x_wconf 84' lang='lat' dir='ltr'><strong><em>se,</em></strong></span> <span class='ocrx_word' id='word_1_31' title='bbox 1591 555 1757 640; x_wconf 87' lang='lat' dir='ltr'><strong><em>quafi</em></strong></span> 
     </span>
     <span class='ocr_line' id='line_1_5' title="bbox 103 643 1753 734; baseline -0.004 -23"><span class='ocrx_word' id='word_1_32' title='bbox 103 646 317 733; x_wconf 80' lang='lat' dir='ltr'><strong><em>sensus</em></strong></span> <span class='ocrx_word' id='word_1_33' title='bbox 361 669 566 729; x_wconf 80' lang='lat' dir='ltr'><strong><em>expers</em></strong></span> <span class='ocrx_word' id='word_1_34' title='bbox 609 643 752 734; x_wconf 76' lang='lat' dir='ltr'><strong><em>effet</em></strong></span> <span class='ocrx_word' id='word_1_35' title='bbox 776 692 797 725; x_wconf 92' lang='lat'>‚</span> <span class='ocrx_word' id='word_1_36' title='bbox 830 645 1189 730; x_wconf 83' lang='lat' dir='ltr'><strong><em>patiebatur.</em></strong></span> <span class='ocrx_word' id='word_1_37' title='bbox 1221 647 1510 709; x_wconf 81' lang='lat' dir='ltr'><strong><em>Eumdem</em></strong></span> <span class='ocrx_word' id='word_1_38' title='bbox 1551 645 1753 706; x_wconf 86' lang='lat' dir='ltr'><strong><em>crebro</em></strong></span> 
     </span>
     <span class='ocr_line' id='line_1_6' title="bbox 122 734 1754 821; baseline -0.006 -19"><span class='ocrx_word' id='word_1_39' title='bbox 122 757 270 802; x_wconf 82' lang='lat' dir='ltr'><strong><em>nutu</em></strong></span> <span class='ocrx_word' id='word_1_40' title='bbox 296 783 319 815; x_wconf 90' lang='lat'><em>,</em></span> <span class='ocrx_word' id='word_1_41' title='bbox 359 737 617 821; x_wconf 82' lang='lat' dir='ltr'><strong><em>distortis</em></strong></span> <span class='ocrx_word' id='word_1_42' title='bbox 661 734 844 798; x_wconf 82' lang='lat' dir='ltr'><strong><em>oculis</em></strong></span> <span class='ocrx_word' id='word_1_43' title='bbox 868 784 891 815; x_wconf 84' lang='lat'><em>‚</em></span> <span class='ocrx_word' id='word_1_44' title='bbox 938 754 1007 796; x_wconf 87' lang='lat' dir='ltr'><strong><em>ut</em></strong></span> <span class='ocrx_word' id='word_1_45' title='bbox 1041 755 1132 797; x_wconf 88' lang='lat' dir='ltr'><strong><em>me</em></strong></span> <span class='ocrx_word' id='word_1_46' title='bbox 1175 734 1497 814; x_wconf 85' lang='lat' dir='ltr'><strong><em>liberaret,</em></strong></span> <span class='ocrx_word' id='word_1_47' title='bbox 1549 736 1754 794; x_wconf 85' lang='lat' dir='ltr'><strong><em>admo-</em></strong></span> 
     </span>
     <span class='ocr_line' id='line_1_7' title="bbox 124 818 1752 905; baseline -0.004 -15"><span class='ocrx_word' id='word_1_48' title='bbox 124 825 350 890; x_wconf 81' lang='lat' dir='ltr'><strong><em>nebam.</em></strong></span> <span class='ocrx_word' id='word_1_49' title='bbox 397 824 513 889; x_wconf 88' lang='lat' dir='ltr'><strong><em>Ille</em></strong></span> <span class='ocrx_word' id='word_1_50' title='bbox 557 845 685 886; x_wconf 89' lang='lat' dir='ltr'><strong><em>meo</em></strong></span> <span class='ocrx_word' id='word_1_51' title='bbox 723 843 862 885; x_wconf 81' lang='lat' dir='ltr'><strong><em>tunc</em></strong></span> <span class='ocrx_word' id='word_1_52' title='bbox 904 825 1117 885; x_wconf 84' lang='lat' dir='ltr'><strong><em>damno</em></strong></span> <span class='ocrx_word' id='word_1_53' title='bbox 1158 819 1396 904; x_wconf 77' lang='lat' dir='ltr'><strong><em>facetus</em></strong></span> <span class='ocrx_word' id='word_1_54' title='bbox 1417 868 1437 901; x_wconf 89' lang='lat'>‚</span> <span class='ocrx_word' id='word_1_55' title='bbox 1495 818 1752 905; x_wconf 63' lang='lat' dir='ltr'><strong><em>maligne</em></strong></span> 
     </span>
     <span class='ocr_line' id='line_1_8' title="bbox 124 909 1748 997; baseline -0.001 -21"><span class='ocrx_word' id='word_1_56' title='bbox 124 915 392 977; x_wconf 76' lang='lat' dir='ltr'><strong><em>arridere</em></strong></span> <span class='ocrx_word' id='word_1_57' title='bbox 429 961 451 993; x_wconf 89' lang='lat'><em>,</em></span> <span class='ocrx_word' id='word_1_58' title='bbox 500 912 661 997; x_wconf 77' lang='lat' dir='ltr'><strong><em>quasi</em></strong></span> <span class='ocrx_word' id='word_1_59' title='bbox 706 910 853 995; x_wconf 86' lang='lat' dir='ltr'><strong><em>quid</em></strong></span> <span class='ocrx_word' id='word_1_60' title='bbox 900 910 1102 972; x_wconf 79' lang='lat' dir='ltr'><strong><em>vellem</em></strong></span> <span class='ocrx_word' id='word_1_61' title='bbox 1130 956 1155 991; x_wconf 94' lang='lat'><em>,</em></span> <span class='ocrx_word' id='word_1_62' title='bbox 1207 929 1324 973; x_wconf 91' lang='lat' dir='ltr'><strong><em>non</em></strong></span> <span class='ocrx_word' id='word_1_63' title='bbox 1371 909 1748 995; x_wconf 82' lang='lat' dir='ltr'><strong><em>intelligeret.</em></strong></span> 
     </span>
     <span class='ocr_line' id='line_1_9' title="bbox 139 1001 1755 1086; baseline -0.004 -20"><span class='ocrx_word' id='word_1_64' title='bbox 139 1004 204 1066; x_wconf 87' lang='lat' dir='ltr'><strong><em>T</em></strong></span> <span class='ocrx_word' id='word_1_65' title='bbox 198 1023 294 1061; x_wconf 87' lang='lat' dir='ltr'><strong><em>um</em></strong></span> <span class='ocrx_word' id='word_1_66' title='bbox 337 1020 440 1086; x_wconf 85' lang='lat' dir='ltr'><strong><em>ego</em></strong></span> <span class='ocrx_word' id='word_1_67' title='bbox 488 1003 590 1063; x_wconf 77' lang='lat' dir='ltr'><strong><em>vix</em></strong></span> <span class='ocrx_word' id='word_1_68' title='bbox 632 1001 818 1062; x_wconf 87' lang='lat' dir='ltr'><strong><em>animi</em></strong></span> <span class='ocrx_word' id='word_1_69' title='bbox 864 1018 1098 1080; x_wconf 74' lang='lat' dir='ltr'><strong><em>compos»</em></strong></span> <span class='ocrx_word' id='word_1_70' title='bbox 1138 1018 1334 1078; x_wconf 86' lang='lat' dir='ltr'><strong><em>eram,</em></strong></span> <span class='ocrx_word' id='word_1_71' title='bbox 1385 1001 1531 1061; x_wconf 81' lang='lat' dir='ltr'><strong><em>adeo</em></strong></span> <span class='ocrx_word' id='word_1_72' title='bbox 1571 1002 1755 1061; x_wconf 84' lang='lat' dir='ltr'><strong><em>arde-</em></strong></span> 
     </span>
     <span class='ocr_line' id='line_1_10' title="bbox 134 1082 1759 1173; baseline -0.001 -20"><span class='ocrx_word' id='word_1_73' title='bbox 134 1087 267 1153; x_wconf 81' lang='lat' dir='ltr'><strong><em>bam</em></strong></span> <span class='ocrx_word' id='word_1_74' title='bbox 303 1089 634 1152; x_wconf 72' lang='lat' dir='ltr'><strong><em>iracundia.</em></strong></span> <span class='ocrx_word' id='word_1_75' title='bbox 661 1087 754 1151; x_wconf 89' lang='lat' dir='ltr'><strong><em>At</em></strong></span> <span class='ocrx_word' id='word_1_76' title='bbox 786 1106 850 1150; x_wconf 89' lang='lat' dir='ltr'><strong><em>at</em></strong></span> <span class='ocrx_word' id='word_1_77' title='bbox 874 1135 893 1166; x_wconf 88' lang='lat'>,</span> <span class='ocrx_word' id='word_1_78' title='bbox 940 1088 1142 1170; x_wconf 80' lang='lat' dir='ltr'><em>inquio</em></span> <span class='ocrx_word' id='word_1_79' title='bbox 1169 1134 1193 1167; x_wconf 86' lang='lat'><em>,</em></span> <span class='ocrx_word' id='word_1_80' title='bbox 1218 1086 1411 1173; x_wconf 79' lang='lat' dir='ltr'><strong><em>Aristi</em></strong></span> <span class='ocrx_word' id='word_1_81' title='bbox 1426 1133 1448 1165; x_wconf 90' lang='lat'><em>,</em></span> <span class='ocrx_word' id='word_1_82' title='bbox 1489 1082 1759 1170; x_wconf 59' lang='lat' dir='ltr'><strong><em>profecit)</em></strong></span> 
     </span>
     <span class='ocr_line' id='line_1_11' title="bbox 138 1172 1759 1262; baseline -0.002 -22"><span class='ocrx_word' id='word_1_83' title='bbox 138 1178 344 1262; x_wconf 82' lang='lat' dir='ltr'><strong><em>dixisti</em></strong></span> <span class='ocrx_word' id='word_1_84' title='bbox 395 1177 543 1239; x_wconf 80' lang='lat' dir='ltr'><strong><em>mihi</em></strong></span> <span class='ocrx_word' id='word_1_85' title='bbox 599 1195 788 1260; x_wconf 82' lang='lat' dir='ltr'><strong><em>nuper</em></strong></span> <span class='ocrx_word' id='word_1_86' title='bbox 844 1172 1048 1237; x_wconf 77' lang='lat' dir='ltr'><strong><em>habere</em></strong></span> <span class='ocrx_word' id='word_1_87' title='bbox 1102 1192 1161 1236; x_wconf 84' lang='lat' dir='ltr'><strong><em>te</em></strong></span> <span class='ocrx_word' id='word_1_88' title='bbox 1202 1175 1477 1238; x_wconf 81' lang='lat' dir='ltr'><strong><em>nonnihil</em></strong></span> <span class='ocrx_word' id='word_1_89' title='bbox 1526 1177 1598 1237; x_wconf 88' lang='lat' dir='ltr'><strong><em>de</em></strong></span> <span class='ocrx_word' id='word_1_90' title='bbox 1642 1197 1759 1258; x_wconf 86' lang='lat' dir='ltr'><strong><em>quo</em></strong></span> 
     </span>
     <span class='ocr_line' id='line_1_12' title="bbox 139 1262 1759 1346; baseline -0.002 -17"><span class='ocrx_word' id='word_1_91' title='bbox 139 1283 399 1345; x_wconf 85' lang='lat' dir='ltr'><strong><em>mecum,</em></strong></span> <span class='ocrx_word' id='word_1_92' title='bbox 425 1267 664 1327; x_wconf 83' lang='lat' dir='ltr'><strong><em>remotis</em></strong></span> <span class='ocrx_word' id='word_1_93' title='bbox 707 1262 947 1326; x_wconf 81' lang='lat' dir='ltr'><strong><em>arbitris</em></strong></span> <span class='ocrx_word' id='word_1_94' title='bbox 976 1308 997 1341; x_wconf 91' lang='lat'>‚</span> <span class='ocrx_word' id='word_1_95' title='bbox 1043 1282 1215 1346; x_wconf 88' lang='lat' dir='ltr'><strong><em>agere</em></strong></span> <span class='ocrx_word' id='word_1_96' title='bbox 1257 1263 1446 1326; x_wconf 75' lang='lat' dir='ltr'><strong><em>velles.</em></strong></span> <span class='ocrx_word' id='word_1_97' title='bbox 1494 1266 1601 1326; x_wconf 88' lang='lat' dir='ltr'><strong><em>Sic</em></strong></span> <span class='ocrx_word' id='word_1_98' title='bbox 1632 1264 1759 1346; x_wconf 88' lang='lat' dir='ltr'><strong><em>est,</em></strong></span> 
     </span>
     <span class='ocr_line' id='line_1_13' title="bbox 143 1347 1764 1436; baseline -0.003 -19"><span class='ocrx_word' id='word_1_99' title='bbox 143 1355 421 1436; x_wconf 88' lang='lat' dir='ltr'><strong><em>reponit,</em></strong></span> <span class='ocrx_word' id='word_1_100' title='bbox 470 1353 746 1434; x_wconf 85' lang='lat' dir='ltr'><strong><em>memini,·</em></strong></span> <span class='ocrx_word' id='word_1_101' title='bbox 780 1348 896 1432; x_wconf 85' lang='lat' dir='ltr'><strong><em>sed</em></strong></span> <span class='ocrx_word' id='word_1_102' title='bbox 928 1352 1050 1414; x_wconf 77' lang='lat' dir='ltr'><strong><em>lzoc‘</em></strong></span> <span class='ocrx_word' id='word_1_103' title='bbox 1071 1347 1264 1432; x_wconf 75' lang='lat' dir='ltr'><strong><em>ipsum</em></strong></span> <span class='ocrx_word' id='word_1_104' title='bbox 1306 1350 1518 1434; x_wconf 86' lang='lat' dir='ltr'><strong><em>loquar</em></strong></span> <span class='ocrx_word' id='word_1_105' title='bbox 1572 1370 1764 1413; x_wconf 86' lang='lat' dir='ltr'><strong><em>tecum</em></strong></span> 
     </span>
     <span class='ocr_line' id='line_1_14' title="bbox 143 1437 1771 1524; baseline -0.002 -21"><span class='ocrx_word' id='word_1_106' title='bbox 143 1442 556 1524; x_wconf 82' lang='lat' dir='ltr'><strong><em>opportuniori</em></strong></span> <span class='ocrx_word' id='word_1_107' title='bbox 613 1454 926 1522; x_wconf 84' lang='lat' dir='ltr'><strong><em>tempore:</em></strong></span> <span class='ocrx_word' id='word_1_108' title='bbox 978 1439 1157 1502; x_wconf 87' lang='lat' dir='ltr'><strong><em>lzodie</em></strong></span> <span class='ocrx_word' id='word_1_109' title='bbox 1218 1437 1568 1524; x_wconf 78' lang='lat' dir='ltr'><strong><em>trigesimum</em></strong></span> <span class='ocrx_word' id='word_1_110' title='bbox 1612 1437 1771 1521; x_wconf 81' lang='lat' dir='ltr'><strong><em>sab-</em></strong></span> 
     </span>
     <span class='ocr_line' id='line_1_15' title="bbox 146 1525 1767 1613; baseline -0.001 -22"><span class='ocrx_word' id='word_1_111' title='bbox 146 1529 342 1591; x_wconf 80' lang='lat' dir='ltr'><strong><em>batum</em></strong></span> <span class='ocrx_word' id='word_1_112' title='bbox 370 1530 451 1613; x_wconf 76' lang='lat' dir='ltr'><strong><em>est</em></strong></span> <span class='ocrx_word' id='word_1_113' title='bbox 479 1548 496 1590; x_wconf 90' lang='lat'><strong><em>.·</em></strong></span> <span class='ocrx_word' id='word_1_114' title='bbox 523 1528 746 1591; x_wconf 77' lang='lat' dir='ltr'><strong><em>nihilne</em></strong></span> <span class='ocrx_word' id='word_1_115' title='bbox 787 1527 994 1591; x_wconf 85' lang='lat' dir='ltr'><strong><em>metuis</em></strong></span> <span class='ocrx_word' id='word_1_116' title='bbox 1031 1527 1378 1600; x_wconf 65' lang='lat' dir='ltr'><strong><em>fitdaeorum</em></strong></span> <span class='ocrx_word' id='word_1_117' title='bbox 1404 1526 1623 1613; x_wconf 74' lang='lat' dir='ltr'><strong><em>festum</em></strong></span> <span class='ocrx_word' id='word_1_118' title='bbox 1642 1525 1767 1610; x_wconf 73' lang='lat' dir='ltr'><strong><em>Jo-</em></strong></span> 
     </span>
     <span class='ocr_line' id='line_1_16' title="bbox 139 1610 1774 1702; baseline -0.001 -23"><span class='ocrx_word' id='word_1_119' title='bbox 139 1617 317 1680; x_wconf 88' lang='lat' dir='ltr'><strong><em>lenne</em></strong></span> <span class='ocrx_word' id='word_1_120' title='bbox 362 1615 848 1700; x_wconf 66' lang='lat' dir='ltr'><strong><em>caeremoniasque</em></strong></span> <span class='ocrx_word' id='word_1_121' title='bbox 893 1613 1117 1677; x_wconf 71' lang='lat' dir='ltr'><strong><em>violare</em></strong></span> <span class='ocrx_word' id='word_1_122' title='bbox 1150 1610 1189 1679; x_wconf 79' lang='lat'><em>?</em></span> <span class='ocrx_word' id='word_1_123' title='bbox 1245 1617 1352 1679; x_wconf 86' lang='lat' dir='ltr'><strong><em>Cui</em></strong></span> <span class='ocrx_word' id='word_1_124' title='bbox 1391 1636 1495 1702; x_wconf 84' lang='lat' dir='ltr'><strong><em>ego</em></strong></span> <span class='ocrx_word' id='word_1_125' title='bbox 1533 1617 1774 1682; x_wconf 80' lang='lat' dir='ltr'><strong><em>:Nulla</em></strong></span> 
     </span>
     <span class='ocr_line' id='line_1_17' title="bbox 151 1699 1773 1792; baseline 0.001 -24"><span class='ocrx_word' id='word_1_126' title='bbox 151 1726 245 1768; x_wconf 86' lang='lat' dir='ltr'><strong><em>me</em></strong></span> <span class='ocrx_word' id='word_1_127' title='bbox 309 1706 477 1789; x_wconf 76' lang='lat' dir='ltr'><strong><em>angit</em></strong></span> <span class='ocrx_word' id='word_1_128' title='bbox 544 1706 749 1789; x_wconf 78' lang='lat' dir='ltr'><strong><em>religio</em></strong></span> <span class='ocrx_word' id='word_1_129' title='bbox 794 1699 1148 1786; x_wconf 75' lang='lat' dir='ltr'><strong><em>hujusmodi.</em></strong></span> <span class='ocrx_word' id='word_1_130' title='bbox 1198 1704 1311 1768; x_wconf 87' lang='lat' dir='ltr'><strong><em>Me</em></strong></span> <span class='ocrx_word' id='word_1_131' title='bbox 1349 1700 1482 1767; x_wconf 68' lang='lat' dir='ltr'><strong><em>veri&gt;</em></strong></span> <span class='ocrx_word' id='word_1_132' title='bbox 1504 1752 1525 1783; x_wconf 89' lang='lat'><strong><em>,</em></strong></span> <span class='ocrx_word' id='word_1_133' title='bbox 1576 1708 1773 1792; x_wconf 84' lang='lat' dir='ltr'><strong><em>inquit</em></strong></span> 
     </span>
     <span class='ocr_line' id='line_1_18' title="bbox 138 1789 1771 1877; baseline 0.001 -22"><span class='ocrx_word' id='word_1_134' title='bbox 138 1793 249 1856; x_wconf 50' lang='lat' dir='ltr'><strong><em>‘ille</em></strong></span> <span class='ocrx_word' id='word_1_135' title='bbox 271 1840 291 1870; x_wconf 90' lang='lat'><em>,</em></span> <span class='ocrx_word' id='word_1_136' title='bbox 320 1796 485 1877; x_wconf 81' lang='lat' dir='ltr'><strong><em>angit</em></strong></span> <span class='ocrx_word' id='word_1_137' title='bbox 497 1789 824 1876; x_wconf 71' lang='lat' dir='ltr'><strong><em>plurimum</em></strong></span> <span class='ocrx_word' id='word_1_138' title='bbox 853 1811 869 1854; x_wconf 93' lang='lat'><strong><em>.·</em></strong></span> <span class='ocrx_word' id='word_1_139' title='bbox 886 1790 1097 1874; x_wconf 80' lang='lat' dir='ltr'><strong><em>fateor</em></strong></span> <span class='ocrx_word' id='word_1_140' title='bbox 1125 1795 1415 1877; x_wconf 81' lang='lat' dir='ltr'><strong><em>equidem,</em></strong></span> <span class='ocrx_word' id='word_1_141' title='bbox 1440 1789 1771 1877; x_wconf 71' lang='lat' dir='ltr'><strong><em>paulofitm</em></strong></span> 
     </span>
     <span class='ocr_line' id='line_1_19' title="bbox 149 1879 1775 1966; baseline 0.001 -21"><span class='ocrx_word' id='word_1_142' title='bbox 149 1880 505 1945; x_wconf 85' lang='lat' dir='ltr'><strong><em>imbecillior</em></strong></span> <span class='ocrx_word' id='word_1_143' title='bbox 547 1905 618 1946; x_wconf 88' lang='lat' dir='ltr'><strong><em>ac</em></strong></span> <span class='ocrx_word' id='word_1_144' title='bbox 671 1879 1168 1966; x_wconf 78' lang='lat' dir='ltr'><strong><em>superstitiofior;</em></strong></span> <span class='ocrx_word' id='word_1_145' title='bbox 1204 1883 1452 1965; x_wconf 86' lang='lat' dir='ltr'><strong><em>perinde</em></strong></span> <span class='ocrx_word' id='word_1_146' title='bbox 1499 1904 1570 1946; x_wconf 86' lang='lat' dir='ltr'><strong><em>ac</em></strong></span> <span class='ocrx_word' id='word_1_147' title='bbox 1626 1904 1775 1946; x_wconf 82' lang='lat' dir='ltr'><strong><em>unus</em></strong></span> 
     </span>
     <span class='ocr_line' id='line_1_20' title="bbox 151 1967 1777 2055; baseline 0.003 -26"><span class='ocrx_word' id='word_1_148' title='bbox 151 1970 398 2055; x_wconf 79' lang='lat' dir='ltr'><strong><em>quilibet</em></strong></span> <span class='ocrx_word' id='word_1_149' title='bbox 419 1967 449 2031; x_wconf 72' lang='grc' dir='ltr'><strong>ὲ</strong></span> <span class='ocrx_word' id='word_1_150' title='bbox 466 1971 703 2053; x_wconf 79' lang='lat' dir='ltr'><strong><em>populo,</em></strong></span> <span class='ocrx_word' id='word_1_151' title='bbox 739 1972 1030 2055; x_wconf 80' lang='lat' dir='ltr'><strong><em>Quocirca</em></strong></span> <span class='ocrx_word' id='word_1_152' title='bbox 1052 1967 1284 2053; x_wconf 82' lang='lat' dir='ltr'><strong><em>ignosce</em></strong></span> <span class='ocrx_word' id='word_1_153' title='bbox 1320 1970 1503 2049; x_wconf 79' lang='lat' dir='ltr'><strong><em>milzi,</em></strong></span> <span class='ocrx_word' id='word_1_154' title='bbox 1532 1970 1728 2054; x_wconf 76' lang='lat' dir='ltr'><strong><em>quoeJo</em></strong></span> <span class='ocrx_word' id='word_1_155' title='bbox 1755 1990 1777 2033; x_wconf 89' lang='lat'><strong><em>.·</em></strong></span> 
     </span>
     <span class='ocr_line' id='line_1_21' title="bbox 150 2056 1780 2145; baseline 0.001 -24"><span class='ocrx_word' id='word_1_156' title='bbox 150 2058 274 2121; x_wconf 85' lang='lat' dir='ltr'><strong><em>alio</em></strong></span> <span class='ocrx_word' id='word_1_157' title='bbox 314 2078 570 2142; x_wconf 87' lang='lat' dir='ltr'><strong><em>tempore</em></strong></span> <span class='ocrx_word' id='word_1_158' title='bbox 613 2058 1021 2145; x_wconf 82' lang='lat' dir='ltr'><strong><em>colloquemur.</em></strong></span> <span class='ocrx_word' id='word_1_159' title='bbox 1074 2058 1129 2119; x_wconf 93' lang='grc' dir='ltr'><em>Ο</em></span> <span class='ocrx_word' id='word_1_160' title='bbox 1165 2078 1256 2120; x_wconf 88' lang='lat' dir='ltr'><strong><em>me</em></strong></span> <span class='ocrx_word' id='word_1_161' title='bbox 1303 2056 1780 2139; x_wconf 67' lang='lat' dir='ltr'><strong><em>infortunatum!</em></strong></span> 
     </span>
     <span class='ocr_line' id='line_1_22' title="bbox 152 2143 1776 2234; baseline 0.001 -26"><span class='ocrx_word' id='word_1_162' title='bbox 152 2150 376 2210; x_wconf 83' lang='lat' dir='ltr'><strong><em>adeone</em></strong></span> <span class='ocrx_word' id='word_1_163' title='bbox 426 2146 741 2234; x_wconf 79' lang='lat' dir='ltr'><strong><em>infaustam</em></strong></span> <span class='ocrx_word' id='word_1_164' title='bbox 810 2143 868 2207; x_wconf 70' lang='lat' dir='ltr'><strong><em>G*</em></strong></span> <span class='ocrx_word' id='word_1_165' title='bbox 933 2149 1227 2231; x_wconf 82' lang='lat' dir='ltr'><strong><em>ingratam</em></strong></span> <span class='ocrx_word' id='word_1_166' title='bbox 1272 2145 1422 2210; x_wconf 78' lang='lat' dir='ltr'><strong><em>mihi</em></strong></span> <span class='ocrx_word' id='word_1_167' title='bbox 1471 2148 1624 2208; x_wconf 87' lang='lat' dir='ltr'><strong><em>diem</em></strong></span> <span class='ocrx_word' id='word_1_168' title='bbox 1683 2150 1776 2209; x_wconf 89' lang='lat' dir='ltr'><strong><em>il-</em></strong></span> 
     </span>
     <span class='ocr_line' id='line_1_23' title="bbox 150 2228 1783 2321; baseline 0.001 -25"><span class='ocrx_word' id='word_1_169' title='bbox 150 2231 406 2321; x_wconf 82' lang='lat' dir='ltr'><strong><em>luxiffe!</em></strong></span> <span class='ocrx_word' id='word_1_170' title='bbox 449 2238 551 2297; x_wconf 77' lang='lat' dir='ltr'><strong><em>vix</em></strong></span> <span class='ocrx_word' id='word_1_171' title='bbox 596 2258 665 2298; x_wconf 90' lang='lat' dir='ltr'><strong><em>ea</em></strong></span> <span class='ocrx_word' id='word_1_172' title='bbox 727 2236 942 2297; x_wconf 79' lang='lat' dir='ltr'><strong><em>tacitus</em></strong></span> <span class='ocrx_word' id='word_1_173' title='bbox 982 2237 1248 2297; x_wconf 84' lang='lat' dir='ltr'><strong><em>dixeram</em></strong></span> <span class='ocrx_word' id='word_1_174' title='bbox 1273 2283 1295 2314; x_wconf 88' lang='lat'><em>,</em></span> <span class='ocrx_word' id='word_1_175' title='bbox 1349 2228 1484 2296; x_wconf 71' lang='lat' dir='ltr'><strong><em>ciem</em></strong></span> <span class='ocrx_word' id='word_1_176' title='bbox 1522 2235 1584 2299; x_wconf 86' lang='lat' dir='ltr'><em>A</em></span> <span class='ocrx_word' id='word_1_177' title='bbox 1590 2238 1783 2319; x_wconf 81' lang='lat' dir='ltr'><strong><em>ristius</em></strong></span> 
     </span>
     <span class='ocr_line' id='line_1_24' title="bbox 142 2319 1790 2411; baseline 0.001 -26"><span class='ocrx_word' id='word_1_178' title='bbox 142 2321 215 2411; x_wconf 65' lang='lat' dir='ltr'><strong><em>je</em></strong></span> <span class='ocrx_word' id='word_1_179' title='bbox 256 2320 408 2385; x_wconf 63' lang='lat' dir='ltr'><strong><em>male</em></strong></span> <span class='ocrx_word' id='word_1_180' title='bbox 441 2325 698 2405; x_wconf 86' lang='lat' dir='ltr'><strong><em>proripit</em></strong></span> <span class='ocrx_word' id='word_1_181' title='bbox 722 2370 742 2401; x_wconf 92' lang='lat'><strong><em>,</em></strong></span> <span class='ocrx_word' id='word_1_182' title='bbox 773 2343 973 2407; x_wconf 84' lang='lat' dir='ltr'><strong><em>meque</em></strong></span> <span class='ocrx_word' id='word_1_183' title='bbox 998 2341 1276 2407; x_wconf 83' lang='lat' dir='ltr'><strong><em>tanquam</em></strong></span> <span class='ocrx_word' id='word_1_184' title='bbox 1314 2319 1600 2385; x_wconf 76' lang='lat' dir='ltr'><strong><em>vic7imam</em></strong></span> <span class='ocrx_word' id='word_1_185' title='bbox 1631 2326 1790 2387; x_wconf 73' lang='lat' dir='ltr'><strong><em>brevi</em></strong></span> 
     </span>
     <span class='ocr_line' id='line_1_25' title="bbox 157 2407 1788 2495; baseline 0 -20"><span class='ocrx_word' id='word_1_186' title='bbox 157 2411 581 2475; x_wconf 85' lang='lat' dir='ltr'><strong><em>immolandam</em></strong></span> <span class='ocrx_word' id='word_1_187' title='bbox 603 2409 718 2495; x_wconf 82' lang='lat' dir='ltr'><strong><em>sub</em></strong></span> <span class='ocrx_word' id='word_1_188' title='bbox 740 2408 926 2473; x_wconf 87' lang='lat' dir='ltr'><strong><em>cultro</em></strong></span> <span class='ocrx_word' id='word_1_189' title='bbox 952 2409 1182 2494; x_wconf 86' lang='lat' dir='ltr'><strong><em>deserit.</em></strong></span> <span class='ocrx_word' id='word_1_190' title='bbox 1210 2407 1304 2475; x_wconf 86' lang='lat' dir='ltr'><strong><em>At</em></strong></span> <span class='ocrx_word' id='word_1_191' title='bbox 1334 2409 1513 2494; x_wconf 73' lang='lat' dir='ltr'><strong><em>felici</em></strong></span> <span class='ocrx_word' id='word_1_192' title='bbox 1559 2415 1788 2475; x_wconf 85' lang='lat' dir='ltr'><strong><em>demum</em></strong></span> 
     </span>
     <span class='ocr_line' id='line_1_26' title="bbox 156 2496 1792 2584; baseline 0.002 -23"><span class='ocrx_word' id='word_1_193' title='bbox 156 2497 300 2582; x_wconf 87' lang='lat' dir='ltr'><strong><em>casu</em></strong></span> <span class='ocrx_word' id='word_1_194' title='bbox 339 2501 597 2577; x_wconf 90' lang='lat' dir='ltr'><strong><em>accidit,</em></strong></span> <span class='ocrx_word' id='word_1_195' title='bbox 626 2517 694 2560; x_wconf 87' lang='lat' dir='ltr'><strong><em>ut</em></strong></span> <span class='ocrx_word' id='word_1_196' title='bbox 735 2498 960 2584; x_wconf 85' lang='lat' dir='ltr'><strong><em>garruli</em></strong></span> <span class='ocrx_word' id='word_1_197' title='bbox 1006 2500 1121 2562; x_wconf 88' lang='lat' dir='ltr'><strong><em>mei</em></strong></span> <span class='ocrx_word' id='word_1_198' title='bbox 1168 2496 1530 2581; x_wconf 75' lang='lat' dir='ltr'><strong><em>adversarius</em></strong></span> <span class='ocrx_word' id='word_1_199' title='bbox 1560 2501 1792 2563; x_wconf 75' lang='lat' dir='ltr'><strong><em>obvium</em></strong></span> 
     </span>
     <span class='ocr_line' id='line_1_27' title="bbox 139 2585 1790 2674; baseline 0 -25"><span class='ocrx_word' id='word_1_200' title='bbox 139 2587 217 2671; x_wconf 78' lang='lat' dir='ltr'><strong><em>Je</em></strong></span> <span class='ocrx_word' id='word_1_201' title='bbox 261 2586 491 2669; x_wconf 71' lang='lat' dir='ltr'><strong><em>repent&gt;</em></strong></span> <span class='ocrx_word' id='word_1_202' title='bbox 542 2587 703 2650; x_wconf 79' lang='lat' dir='ltr'><strong><em>nobis</em></strong></span> <span class='ocrx_word' id='word_1_203' title='bbox 731 2585 971 2671; x_wconf 74' lang='lat' dir='ltr'><strong><em>ferret,</em></strong></span> <span class='ocrx_word' id='word_1_204' title='bbox 1016 2588 1121 2672; x_wconf 80' lang='lat' dir='ltr'><strong><em>qui</em></strong></span> <span class='ocrx_word' id='word_1_205' title='bbox 1145 2590 1358 2674; x_wconf 87' lang='lat' dir='ltr'><strong><em>statim</em></strong></span> <span class='ocrx_word' id='word_1_206' title='bbox 1398 2592 1620 2673; x_wconf 62' lang='lat' dir='ltr'><strong><em>magna*</em></strong></span> <span class='ocrx_word' id='word_1_207' title='bbox 1651 2610 1790 2651; x_wconf 78' lang='lat' dir='ltr'><strong><em>voce</em></strong></span> 
     </span>
     <span class='ocr_line' id='line_1_28' title="bbox 156 2671 1790 2761; baseline 0 -23"><span class='ocrx_word' id='word_1_208' title='bbox 156 2676 336 2739; x_wconf 83' lang='lat' dir='ltr'><strong><em>illum</em></strong></span> <span class='ocrx_word' id='word_1_209' title='bbox 369 2673 714 2761; x_wconf 70' lang='lat' dir='ltr'><strong><em>objurgant,</em></strong></span> <span class='ocrx_word' id='word_1_210' title='bbox 764 2671 895 2759; x_wconf 72' lang='lat' dir='ltr'><strong><em>Quo</em></strong></span> <span class='ocrx_word' id='word_1_211' title='bbox 920 2671 1033 2758; x_wconf 68' lang='lat' dir='ltr'><strong><em>quo</em></strong></span> <span class='ocrx_word' id='word_1_212' title='bbox 1062 2677 1265 2761; x_wconf 83' lang='lat' dir='ltr'><strong><em>pergis</em></strong></span> <span class='ocrx_word' id='word_1_213' title='bbox 1290 2725 1311 2755; x_wconf 90' lang='lat'><em>‚</em></span> <span class='ocrx_word' id='word_1_214' title='bbox 1355 2673 1595 2758; x_wconf 75' lang='lat' dir='ltr'><strong><em>scelus!</em></strong></span> <span class='ocrx_word' id='word_1_215' title='bbox 1644 2700 1790 2739; x_wconf 76' lang='lat' dir='ltr'><strong><em>mox</em></strong></span> 
     </span>
     <span class='ocr_line' id='line_1_29' title="bbox 158 2759 1789 2849; baseline 0.001 -23"><span class='ocrx_word' id='word_1_216' title='bbox 158 2766 248 2826; x_wconf 91' lang='lat' dir='ltr'><strong><em>ad</em></strong></span> <span class='ocrx_word' id='word_1_217' title='bbox 283 2783 375 2824; x_wconf 87' lang='lat' dir='ltr'><strong><em>me</em></strong></span> <span class='ocrx_word' id='word_1_218' title='bbox 421 2760 722 2843; x_wconf 78' lang='lat' dir='ltr'><strong><em>conversus</em></strong></span> <span class='ocrx_word' id='word_1_219' title='bbox 746 2811 766 2842; x_wconf 90' lang='lat'>‚</span> <span class='ocrx_word' id='word_1_220' title='bbox 824 2759 1185 2848; x_wconf 76' lang='lat' dir='ltr'><strong><em>Poffizm-ne</em></strong></span> <span class='ocrx_word' id='word_1_221' title='bbox 1213 2810 1231 2841; x_wconf 92' lang='lat'>,</span> <span class='ocrx_word' id='word_1_222' title='bbox 1269 2766 1494 2827; x_wconf 88' lang='lat' dir='ltr'><strong><em>Horati</em></strong></span> <span class='ocrx_word' id='word_1_223' title='bbox 1524 2813 1543 2844; x_wconf 85' lang='lat'>,</span> <span class='ocrx_word' id='word_1_224' title='bbox 1593 2769 1789 2849; x_wconf 84' lang='lat' dir='ltr'><strong><em>testem</em></strong></span> 
     </span>
     <span class='ocr_line' id='line_1_30' title="bbox 156 2847 1808 2938; baseline -0.002 -22"><span class='ocrx_word' id='word_1_225' title='bbox 156 2872 223 2916; x_wconf 82' lang='lat' dir='ltr'><strong><em>te</em></strong></span> <span class='ocrx_word' id='word_1_226' title='bbox 268 2847 541 2913; x_wconf 78' lang='lat' dir='ltr'><strong><em>adversits</em></strong></span> <span class='ocrx_word' id='word_1_227' title='bbox 578 2852 871 2914; x_wconf 80' lang='lat' dir='ltr'><strong><em>lzo&#39;minem</em></strong></span> <span class='ocrx_word' id='word_1_228' title='bbox 916 2852 1092 2934; x_wconf 63' lang='lat' dir='ltr'><strong><em>istum*</em></strong></span> <span class='ocrx_word' id='word_1_229' title='bbox 1128 2847 1424 2934; x_wconf 78' lang='lat' dir='ltr'><strong><em>sumere?</em></strong></span> <span class='ocrx_word' id='word_1_230' title='bbox 1462 2855 1601 2938; x_wconf 84' lang='lat' dir='ltr'><strong><em>Ego</em></strong></span> <span class='ocrx_word' id='word_1_231' title='bbox 1647 2851 1808 2914; x_wconf 73' lang='lat' dir='ltr'><strong><em>nihil</em></strong></span> 
     </span>
     <span class='ocr_line' id='line_1_31' title="bbox 162 2935 1806 3023; baseline -0.002 -20"><span class='ocrx_word' id='word_1_232' title='bbox 162 2935 461 3003; x_wconf 63' lang='lat' dir='ltr'><strong><em>cuncffatus</em></strong></span> <span class='ocrx_word' id='word_1_233' title='bbox 489 2985 508 3019; x_wconf 86' lang='lat'>‚</span> <span class='ocrx_word' id='word_1_234' title='bbox 571 2959 772 3000; x_wconf 81' lang='lat' dir='ltr'><strong><em>aurem</em></strong></span> <span class='ocrx_word' id='word_1_235' title='bbox 825 2937 919 2998; x_wconf 83' lang='lat' dir='ltr'><strong><em>illi</em></strong></span> <span class='ocrx_word' id='word_1_236' title='bbox 974 2941 1326 3023; x_wconf 84' lang='lat' dir='ltr'><strong><em>tangendam</em></strong></span> <span class='ocrx_word' id='word_1_237' title='bbox 1387 2938 1597 3023; x_wconf 76' lang='lat' dir='ltr'><strong><em>offero.</em></strong></span> <span class='ocrx_word' id='word_1_238' title='bbox 1667 2944 1806 3022; x_wconf 83' lang='lat' dir='ltr'><strong><em>Quo</em></strong></span> 
     </span>
     <span class='ocr_line' id='line_1_32' title="bbox 163 3022 1812 3112; baseline 0 -24"><span class='ocrx_word' id='word_1_239' title='bbox 163 3023 340 3111; x_wconf 65' lang='lat' dir='ltr'><strong><em>facio</em></strong></span> <span class='ocrx_word' id='word_1_240' title='bbox 365 3072 383 3104; x_wconf 89' lang='lat'>,</span> <span class='ocrx_word' id='word_1_241' title='bbox 421 3026 724 3112; x_wconf 84' lang='lat' dir='ltr'><strong><em>garrulum</em></strong></span> <span class='ocrx_word' id='word_1_242' title='bbox 769 3045 957 3089; x_wconf 83' lang='lat' dir='ltr'><strong><em>meum</em></strong></span> <span class='ocrx_word' id='word_1_243' title='bbox 1002 3028 1066 3090; x_wconf 92' lang='lat' dir='ltr'><strong><em>in</em></strong></span> <span class='ocrx_word' id='word_1_244' title='bbox 1096 3023 1202 3108; x_wconf 83' lang='lat' dir='ltr'><strong><em>jus</em></strong></span> <span class='ocrx_word' id='word_1_245' title='bbox 1250 3025 1545 3089; x_wconf 86' lang='lat' dir='ltr'><strong><em>ambulare</em></strong></span> <span class='ocrx_word' id='word_1_246' title='bbox 1591 3028 1748 3112; x_wconf 83' lang='lat' dir='ltr'><strong><em>cogit</em></strong></span> <span class='ocrx_word' id='word_1_247' title='bbox 1774 3022 1812 3088; x_wconf 71' lang='grc' dir='ltr'>ὲ</span> 
     </span>
     <span class='ocr_line' id='line_1_33' title="bbox 162 3112 1817 3199; baseline -0.001 -24"><span class='ocrx_word' id='word_1_248' title='bbox 162 3115 449 3198; x_wconf 58' lang='lat' dir='ltr'><strong><em>vestiffl&#39;o.=</em></strong></span> <span class='ocrx_word' id='word_1_249' title='bbox 488 3115 773 3178; x_wconf 81' lang='lat' dir='ltr'><strong><em>Coo&#39;ritur</em></strong></span> <span class='ocrx_word' id='word_1_250' title='bbox 809 3112 1010 3199; x_wconf 80' lang='lat' dir='ltr'><strong><em>ingens</em></strong></span> <span class='ocrx_word' id='word_1_251' title='bbox 1064 3134 1137 3174; x_wconf 87' lang='lat' dir='ltr'><strong><em>ex</em></strong></span> <span class='ocrx_word' id='word_1_252' title='bbox 1181 3115 1433 3198; x_wconf 79' lang='lat' dir='ltr'><strong><em>utrdque</em></strong></span> <span class='ocrx_word' id='word_1_253' title='bbox 1458 3133 1634 3197; x_wconf 83' lang='lat' dir='ltr'><strong><em>parte</em></strong></span> <span class='ocrx_word' id='word_1_254' title='bbox 1679 3114 1817 3174; x_wconf 66' lang='lat' dir='ltr'><strong><em>cla-⁴·</em></strong></span> 
     </span>
     <span class='ocr_line' id='line_1_34' title="bbox 164 3200 1814 3288; baseline 0 -25"><span class='ocrx_word' id='word_1_255' title='bbox 164 3221 309 3263; x_wconf 86' lang='lat' dir='ltr'><strong><em>mor</em></strong></span> <span class='ocrx_word' id='word_1_256' title='bbox 353 3219 374 3264; x_wconf 87' lang='lat'><strong><em>.·</em></strong></span> <span class='ocrx_word' id='word_1_257' title='bbox 423 3202 725 3264; x_wconf 87' lang='lat' dir='ltr'><strong><em>concurrit</em></strong></span> <span class='ocrx_word' id='word_1_258' title='bbox 783 3201 1039 3283; x_wconf 84' lang='lat' dir='ltr'><strong><em>undique</em></strong></span> <span class='ocrx_word' id='word_1_259' title='bbox 1099 3200 1351 3288; x_wconf 81' lang='lat' dir='ltr'><strong><em>populus</em></strong></span> <span class='ocrx_word' id='word_1_260' title='bbox 1401 3218 1422 3263; x_wconf 87' lang='lat'><strong><em>.·</em></strong></span> <span class='ocrx_word' id='word_1_261' title='bbox 1463 3201 1556 3286; x_wconf 83' lang='lat' dir='ltr'><strong><em>fic</em></strong></span> <span class='ocrx_word' id='word_1_262' title='bbox 1604 3200 1760 3284; x_wconf 70' lang='lat' dir='ltr'><strong><em>evasi</em></strong></span> <span class='ocrx_word' id='word_1_263' title='bbox 1779 3246 1814 3284; x_wconf 82' lang='lat'><em>,</em></span> 
     </span>
     <span class='ocr_line' id='line_1_35' title="bbox 152 3286 1279 3437; baseline 0.004 -92"><span class='ocrx_word' id='word_1_264' title='bbox 152 3287 483 3373; x_wconf 74' lang='lat' dir='ltr'><strong><em>,Apollinis</em></strong></span> <span class='ocrx_word' id='word_1_265' title='bbox 528 3309 639 3373; x_wconf 84' lang='lat' dir='ltr'><strong><em>ope</em></strong></span> <span class='ocrx_word' id='word_1_266' title='bbox 686 3307 756 3353; x_wconf 78' lang='lat' dir='ltr'><strong><em>ac</em></strong></span> <span class='ocrx_word' id='word_1_267' title='bbox 797 3286 1098 3371; x_wconf 82' lang='lat' dir='ltr'><strong><em>beneficio.</em></strong></span> <span class='ocrx_word' id='word_1_268' title='bbox 1226 3372 1279 3437; x_wconf 74' lang='lat' dir='ltr'>P</span> 
     </span>
     <span class='ocr_line' id='line_1_36' title="bbox 1324 3393 1368 3437; baseline 0 0"><span class='ocrx_word' id='word_1_269' title='bbox 1324 3393 1368 3437; x_wconf 78' lang='lat' dir='ltr'>v</span> 
     </span>
    </p>
   </div>
  </div>
 </body>
</html>
