2269 3773
382 149 547 259 284
773 144 1090 230 Horatii
1142 143 1585 228 Satirarum

474 290 797 348 Permittant
832 288 1098 350 homines.
1131 288 1188 346 Si
1219 289 1393 360 dives,
1434 290 1529 361 qui
1561 289 1766 360 sapiens
1806 285 1926 361 est,

384 361 594 437 125.Et
625 362 774 420 sutor
804 363 1013 430 bonus,
1054 371 1110 420 δε
1144 362 1284 420 solus
1319 360 1614 432 formosuS,
1655 369 1709 419 &
1745 363 1823 418 est
1862 362 1997 420 Rex
2018 385 2042 422 e

484 433 603 493 Cur
623 452 778 505 optas
799 433 942 518 quot}
978 431 1184 493 habes?
1216 455 1326 491 non
1364 435 1504 490 nosti
1541 434 1670 505 quid
1706 452 1893 506 pater,
1938 435 2049 492 in-

889 524 1003 574 mr,
1302 560 1305 561 a

482 576 821 652 Chrysippus
898 577 1255 649 Icatzsapiens
1298 575 1540 648 crepidas
1567 576 1662 634 fibi
1698 596 1995 648 nunquam

481 646 599 706 Nec
641 649 806 708 soleas
843 647 1010 714 fecit‚·
1046 649 1194 707 sutor
1221 666 1422 706 tamen
1463 651 1540 706 est
1583 647 1805 720 sapiens,
1844 649 1989 725 Quo
2011 656 2047 709 3

482 722 566 778 Ut
579 766 595 791 ,
618 720 861 792 quamvis
880 738 1019 779 tacet
1037 721 1410 793 Hermogenes
1424 763 1441 791 ,
1458 738 1645 779 cantor
1665 739 1847 779 tamen
1856 737 2043 793 atque

383 810 418 851 ι
429 814 517 865 30.
535 792 791 861 Optimus
826 796 903 850 est
923 791 1267 851 modulator:
1304 809 1366 849 ut
1388 791 1616 850 Alfenus
1650 795 1832 866 vafer,
1869 790 2043 852 omni

485 865 723 931 Abiedto
747 866 1098 924 instrumento
1117 865 1272 934 artis,
1303 864 1586 933 clausique
1622 863 1877 939 taberna,

486 937 650 993 Sutor
672 952 794 1001 erat
818 962 833 990 .-
858 936 1058 1008 sapiens
1098 936 1274 1006 operis
1309 935 1377 992 sic
1411 935 1649 1005 optimus
1692 938 1874 994 omnis

487 1009 586 1065 Est
619 1006 796 1077 opifex
836 1006 976 1066 solus
995 1053 1013 1081 ‚
1050 1007 1118 1065 fic
1152 1028 1259 1066 rex.
1301 1007 1530 1065 vellunt
1570 1006 1667 1066 tibi
1706 1006 1935 1066 barbam

487 1079 695 1137 Lascivi
731 1080 880 1148 pueri
951 1100 1085 1152 quos
1119 1098 1180 1138 tu
1218 1079 1311 1137 nifi
1352 1081 1488 1136 fuste
1521 1097 1755 1151 coerccS,

397 1152 767 1226 135.Urgeris
806 1169 895 1209 tur
933 1153 962 1208 a
1000 1151 1198 1209 circum
1243 1169 1299 1208 te
1348 1154 1549 1224 stante,
1589 1149 1859 1220 miserque

494 1223 815 1293 Rumperis‚
854 1231 907 1280 δε
943 1225 1127 1291 latraS,
1159 1243 1483 1294 magnorum
1508 1221 1742 1279 maxime
1784 1221 2038 1292 Regum.

494 1293 584 1352 Ne
631 1296 859 1369 longum
892 1294 1085 1353 faciam
1121 1320 1138 1350 ε
1175 1293 1307 1353 dum
1348 1313 1410 1354 tu
1446 1293 1741 1365 quadrante
1780 1293 2040 1352 lavatum

473 1550 585 1592 124.
626 1535 683 1585 Si
724 1537 877 1586 dives.
920 1542 1032 1584 Erat
1071 1538 1168 1584 hoc
1198 1537 1397 1585 effatum
1428 1542 1739 1595 Stoicorum,
1767 1534 1930 1582 solum
1951 1533 2038 1578 sa-

395 1598 626 1661 pientem
669 1601 759 1648 effe
805 1601 1043 1660 divitem,
1072 1602 1328 1663 pulchrum
1349 1638 1363 1662 ‚
1400 1617 1565 1664 regem
1593 1637 1606 1660 ,
1636 1599 1744 1648 &c.
1776 1598 1924 1657 Quod
1950 1596 2042 1645 ini

402 1664 707 1724 accipiebant
739 1666 793 1712 in
831 1680 937 1713 eam
964 1680 1156 1714 tantum
1190 1681 1374 1725 partem
1396 1701 1411 1724 ,
1451 1680 1504 1714 ut
1538 1666 1730 1714 vellent
1764 1664 2032 1710 hominem

400 1728 639 1787 sapientia
676 1727 800 1776 affici
835 1731 1036 1793 regibus
1063 1731 1298 1779 omnibus
1343 1730 1577 1790 majorem
1626 1728 1684 1777 &
1720 1729 1993 1776 beatiorem
2014 1759 2033 1786 ,

405 1791 485 1838 hic
528 1807 688 1841 autem
726 1794 855 1841 ridet
892 1795 1209 1853 quorumdam
1250 1811 1306 1842 ex
1340 1794 1430 1841 isto
1471 1809 1621 1858 grege
1656 1792 2028 1857 arrogantiam,

406 1856 493 1917 qui
531 1872 754 1919 tanquam
794 1858 826 1905 fi
863 1872 1031 1908 revera
1075 1857 1275 1909 fuiffent
1321 1873 1462 1925 reges
1485 1893 1500 1922 ,
1545 1856 1779 1907 mortales
1819 1870 2037 1907 caeteros

408 1939 509 1987 prae
543 1922 591 1971 se
632 1924 779 1972 nihili
826 1924 1084 1973 ducebant.

480 2002 589 2042 127.
631 1986 925 2053 Chrysippus.
962 1988 1288 2051 Philosophus
1320 1994 1536 2050 Stoicus,
1558 1988 1773 2038 zenonis
1798 1987 1992 2037 auditor
2021 2000 2036 2031 τ

413 2054 496 2115 qui
529 2054 695 2101 seciam
725 2056 849 2102 hanc
875 2069 1171 2117 magnopere
1209 2052 1490 2102 iliustravit.
1529 2061 1671 2103 Pater
1699 2053 1770 2100 ibi
1794 2068 2034 2111 vocatur,

413 2119 536 2181 quast
569 2119 690 2168 alter
731 2125 1001 2169 Sto'icorum
1044 2121 1204 2166 austor-
1235 2116 1292 2165 δε
1326 2134 1502 2178 parens
1531 2134 1542 2162 :
1571 2134 1653 2166 aut
1687 2117 2037 2167 venerationis

413 2199 565 2251 erg05
608 2200 663 2233 ut
698 2184 947 2250 magistros
980 2182 1037 2231 &
1074 2183 1215 2231 senes
1243 2182 1459 2231 vocitare
1483 2183 1850 2231 consuevimus.

483 2263 594 2310 129.
616 2248 953 2327 Hermogenes.
978 2254 1313 2313 Hermogenes
1336 2247 1579 2309 Tigellius
1605 2262 1616 2290 τ
1641 2248 1767 2296 alius
1786 2250 1845 2295 ab
1869 2245 2038 2310 ‘rigel-

414 2314 488 2363 110
518 2317 660 2362 Sardo
687 2353 701 2375 ,
735 2331 878 2376 cujus
913 2314 1083 2363 obitus
1127 2328 1346 2361 narratur
1386 2313 1536 2362 initio
1576 2313 1740 2364 Satirae
1794 2311 2037 2363 secundat.

414 2385 631 2439 Uterque
667 2379 873 2443 infignis
913 2378 1145 2430 Musteus.

486 2457 598 2509 130.
639 2443 872 2507 Alfenus.
908 2452 958 2493 Is
1000 2445 1238 2494 oriundua
1267 2444 1509 2492 Cremona
1531 2480 1546 2504 ,
1588 2457 1695 2502 quae
1717 2444 1850 2491 Urbs
1872 2440 2033 2490 Italioe

419 2508 486 2558 est
527 2526 661 2557 nunc
703 2511 757 2558 in
803 2516 993 2557 Ducatu
1034 2509 1389 2558 Mediolanensi
1413 2545 1429 2569 ‚
1464 2508 1702 2557 sutrinam
1738 2521 1890 2554 artem
1930 2506 2033 2567 pri·

421 2570 553 2620 mum
591 2573 711 2621 fecit
738 2611 752 2631 ‚
788 2573 967 2621 deinde
1004 2580 1212 2621 Romam
1261 2574 1472 2621 veniens
1517 2573 1616 2634 iuri
1653 2570 1795 2620 civili
1835 2586 2034 2631 operam

418 2638 580 2697 dedit,
623 2654 675 2685 ac
706 2638 902 2686 demum
926 2638 1241 2688 Consulatum
1270 2638 1335 2686 est
1360 2640 1557 2700 adeptus
1581 2654 1714 2685 anno
1744 2642 1810 2684 U.
1840 2641 1896 2684 C.
1918 2647 2034 2693 752.

422 2706 485 2750 In
530 2700 681 2749 Fastis
725 2694 871 2763 vulgo
899 2701 1163 2762 appellatur
1197 2703 1431 2753 Alfenius
1453 2740 1468 2764 ,
1495 2703 1592 2750 five
1616 2700 1834 2750 Alfinius
1855 2736 1870 2762 ,
1910 2699 2032 2749 vide

423 2769 487 2813 A.
515 2764 734 2814 Gellium
769 2766 875 2815 Lib.
898 2770 983 2813 VI.
1006 2783 1051 2815 c.
1094 2783 1138 2823 5.
1165 2769 1427 2817 Hominem
1453 2784 1598 2830 porro
1632 2766 1901 2828 sapientem
1925 2780 2035 2811 om·

411 2830 567 2882 >nium
588 2830 764 2879 artium
790 2831 1000 2890 peritum
1036 2832 1126 2882 effe
1150 2833 1386 2894 jaRabant
1416 2833 1567 2880 Sto'ici
1591 2868 1606 2892 ,
1641 2832 1723 2879 vel
1757 2829 1872 2884 quia
1904 2844 2033 2890 prae·

425 2895 569 2944 stanti
623 2895 734 2944 ess‘et
771 2894 981 2960 ingenio
1022 2933 1037 2956 ,
1085 2896 1142 2947 &
1189 2899 1247 2945 ad
1279 2913 1454 2945 omnes
1498 2896 1840 2960 perdiscendas
1875 2909 1983 2957 apto
2019 2908 2038 2957 ;

427 2959 541 3020 vel,
580 2962 691 3020 quia
730 2961 887 3009 virtus
927 2959 1009 3007 ini
1051 2962 1276 3010 omnium
1318 2978 1481 3011 rerum
1511 2962 1658 3011 instar
1693 2960 1824 3009 effer.

492 3027 605 3087 136.
619 3024 892 3089 Rumperis.
914 3025 1201 3088 clamando,
1221 3027 1490 3075 irascendo.
1511 3023 1881 3088 Despicatiffimi
1902 3037 2037 3090 erant

426 3096 596 3139 Romae
630 3091 706 3139 illi
743 3091 1015 3153 philosophi
1038 3127 1053 3151 ‚
1084 3093 1203 3140 adeo
1231 3107 1284 3140 ut
1308 3107 1658 3155 proetereuntes
1679 3092 1708 3138 a
1731 3087 2037 3156 puerisjrri-

426 3156 655 3206 derentur
684 3155 739 3205 Sc
774 3157 1077 3219 vapuiarent.

494 3234 606 3290 137·
666 3221 964 3291 Quadrante.
992 3228 1134 3278 AEreo
1174 3221 1455 3277 nummulo.
1484 3220 1667 3285 Quarta
1713 3231 1848 3285 parte
1901 3216 2064 3284 assis,-
