2269 3773
462 164 628 282 498
840 164 1157 252 Horam
1214 166 1736 279 Epzstolarztm

558 292 726 366 Quod
761 314 987 352 numero
1025 297 1230 369 plureS,
1271 296 1472 353 virtute
1510 304 1565 354 &
1601 295 1809 356 honore
1838 298 2086 358 minores
2094 313 2118 372 ,‘

556 363 765 423 Indoffi
787 410 802 436 ,
845 366 1124 439 stolidique
1145 412 1164 437 ,
1197 377 1251 427 δε
1291 366 1600 451 depugnare
1636 370 1806 440 parati
1831 414 1848 443 ,

457 439 652 512 185.Si
687 438 947 496 discordet
983 460 1144 511 eques
1166 484 1181 509 ,
1222 439 1399 497 media
1439 460 1575 498 mter
1608 442 1851 499 carmina
1883 443 2116 513 poscunt

559 518 679 576 Aut
702 510 880 568 ursum
896 556 912 583 ,
945 531 1037 569 aut
1055 511 1266 584 pugiles
1289 534 1301 569 :
1341 511 1423 569 his
1445 533 1569 568 nam
1593 513 1867 581 plebecula
1888 515 2114 586 gaudet.

559 583 772 647 Verum
787 582 978 654 equitis
992 605 1206 654 quoque
1227 586 1340 654 jam
1355 584 1610 655 migravit
1623 586 1688 641 ab
1711 606 1840 643 aute
1861 590 2116 659 voluptas

558 658 759 717 Omnis
801 655 868 713 ad
912 657 1143 714 incertos
1184 656 1406 725 oculos,
1451 663 1505 713 &
1544 657 1748 733 gaudia
1784 679 1943 718 vana.

413 737 423 751 ¹
555 732 941 857 quatuoraut
972 731 1148 798 plures
1190 732 1356 786 aulaea
1376 746 1696 798 premuntur
1738 729 1795 786 in
1840 729 2041 802 horae,

461 813 577 869 190.
660 798 1472 926 umfufiiuutequitumturmae‚
1523 798 1837 873 editumque
1855 819 2110 861 mter-vx:

561 874 701 933 Mox
740 889 820 928 tra
863 872 970 930 itur
991 873 1236 930 manibus
1254 892 1447 944 regum
1491 891 1685 930 ortuna
1729 875 1973 934 retortis,

560 944 752 1004 Esseda
781 943 1054 1017 festinant,
1088 946 1319 1016 pilenta,
1350 943 1646 1017 petorrita,
1688 966 1889 1014 naves;

564 1016 863 1086 Captivum
905 1034 1151 1087 portatur
1187 1017 1354 1089 ebur,
1395 1015 1605 1085 captiva
1642 1015 1972 1081 Corinthus,

565 1090 622 1148 Si
664 1090 802 1146 foret
834 1088 888 1145 in
926 1088 1107 1160 terriS,
1145 1087 1341 1145 rideret
1373 1087 1758 1159 DemocrituS,
1803 1090 1896 1147 seu

469 1161 887 1231 195.Diversun
926 1162 1141 1219 confusa
1186 1180 1358 1232 genus
1400 1158 1659 1231 panthera
1696 1162 1946 1234 camelo,

566 1235 690 1292 Sive
728 1231 941 1303 elephas
979 1234 1129 1289 albus
1170 1232 1324 1302 vulgi
1368 1247 1706 1288 converteret
1733 1255 1870 1303 ota3

565 1307 842 1377 Spestaret
874 1308 1141 1376 populum
1182 1303 1321 1362 ludis
1363 1302 1621 1361 attentius
1658 1303 1782 1375 ipfis
1804 1349 1821 1378 ,

539 1529 650 1577 188.
686 1528 902 1579 Incertus
936 1538 1125 1591 oculor,
1151 1537 1261 1580 Huc
1286 1532 1408 1581 illuc
1437 1531 1621 1580 temere
1645 1544 1883 1595 vagantes
1901 1566 1917 1590 ‚
1949 1524 2106 1589 &quo

473 1593 769 1658 potillimum
805 1594 1024 1644 ferantur
1048 1632 1063 1658 ‚
1106 1597 1318 1660 dubios;
1354 1612 1490 1646 tanta
1516 1597 1582 1646 est
1613 1612 1777 1646 rerum
1805 1598 1979 1660 copia,
2004 1609 2106 1643 tan·

477 1673 584 1708 tum
630 1660 819 1723 singula
865 1661 1104 1723 spectandi
1133 1661 1368 1718 studium.
1585 1660 1591 1665 ⁴
1813 1712 1821 1723 ,

544 1723 657 1787 189.
690 1728 894 1773 Aulaea.
934 1726 1054 1774 Vela
1085 1727 1200 1774 sunt
1222 1763 1238 1788 ,
1281 1729 1339 1777 &
1364 1763 1379 1790 ,
1414 1741 1471 1776 ut
1508 1740 1748 1775 vocantur
1781 1723 1979 1786 proprie
1999 1760 2014 1782 ‚
2044 1721 2106 1770 fi·

475 1789 647 1853 paria,
689 1806 797 1851 quae
844 1792 1004 1839 scenae
1054 1793 1415 1842 obtenduntur.
1447 1798 1512 1840 Ea
1559 1792 1969 1854 deprimebantur
2006 1786 2105 1837 cum

476 1854 781 1916 aperiebatur
805 1853 945 1905 scena
962 1891 978 1915 ,
1008 1854 1066 1906 ὅτ
1089 1857 1261 1908 tandiu
1283 1859 1511 1922 jacebant
1539 1857 1687 1920 pressa
1711 1855 1848 1904 humi
1875 1853 1931 1905 δί
1948 1853 2105 1915 strata,

476 1921 638 1969 donec
677 1924 859 1985 peraeta
907 1921 1019 1970 esset
1054 1921 1221 1974 fabula
1248 1958 1263 1983 ,
1301 1940 1383 1973 aut
1415 1924 1572 1971 donec
1615 1924 1758 1970 scena
1804 1920 1865 1969 &
1920 1932 2107 1967 ornatuz

478 1988 656 2035 theatri
693 2001 993 2035 mutaretur:
1027 2001 1150 2036 tunc
1199 1988 1337 2036 enim
1380 1988 1699 2052 erigebantur
1729 1991 1786 2034 ab
1832 1987 2014 2046 humo,
2051 1981 2103 2033 Sc

478 2052 831 2100 attollebantur
868 2065 922 2100 ut
949 2052 1144 2100 scenam
1178 2066 1426 2117 tegerent.
1455 2054 1598 2114 Apud
1643 2067 1735 2099 nos
1775 2050 2028 2112 siparium,
2057 2054 2104 2100 lt}

483 2116 603 2164 teile
622 2153 638 2179 ,
668 2116 941 2176 attollitur,
983 2114 1095 2164 cum
1136 2119 1353 2178 aperitur
1387 2117 1529 2168 scena
1547 2152 1564 2177 ,
1589 2115 1645 2165 δι
1669 2120 1853 2164 astures
1881 2116 2103 2163 theatrum

481 2180 666 2231 ineunt
689 2200 710 2242 ‚·
745 2180 1036 2243 deprimitur
1066 2196 1177 2229 cum
1203 2183 1347 2233 scena
1372 2181 1617 2232 clauditur
1637 2216 1654 2244 ,
1687 2195 1772 2230 aut
1794 2183 1923 2229 aetus
1941 2176 2104 2239 aliquio

484 2247 642 2295 finem
687 2246 887 2309 accipit.
907 2274 917 2282 ·

553 2325 667 2375 190.
707 2310 845 2361 Dum
870 2310 1113 2378 fugiunt,
1157 2310 1263 2363 Sec.
1298 2318 1432 2362 Dum
1475 2309 1653 2373 raptim
1698 2311 2101 2373 prater-vehuntur

484 2378 715 2426 cohortes
738 2413 753 2438 ,
791 2394 898 2437 quae
938 2378 1047 2425 aliae
1085 2378 1244 2440 alias,
1286 2392 1341 2426 ut
1373 2379 1432 2427 in
1456 2392 1653 2442 pugna,
1693 2376 1835 2424 utin
1862 2375 2012 2440 fuga,
2049 2370 2100 2423 δε

490 2441 633 2502 clade
675 2444 731 2490 fit
752 2478 767 2501 ,
799 2443 1144 2502 insequuntur.
1761 2493 1766 2498 ,

557 2519 669 2569 192.
724 2506 915 2570 Effida.
954 2513 1140 2557 Currus
1168 2506 1376 2570 majores
1402 2542 1419 2569 ,
1453 2506 1634 2568 quibus
1668 2504 1806 2554 Galli
1855 2502 2103 2569 praefertim

487 2574 751 2619 utebantur
790 2576 914 2621 :des
955 2575 1194 2623 chariore.

555 2632 778 2684 Pilenta.
825 2640 1010 2686 Currus
1042 2639 1263 2686 minores
1294 2636 1352 2687 81
1372 2636 1625 2700 leviores,
1652 2635 1899 2685 matronis
1933 2630 2105 2696 ufitati,

491 2707 573 2752 des
613 2705 825 2751 caleches
854 2738 869 2763 ‚
908 2707 990 2751 des
1034 2703 1245 2766 chaifis.

556 2762 826 2817 Peter-rita.
862 2768 1102 2817 vehicula
1147 2770 1400 2834 Belgarum
1433 2767 1490 2814 ad
1533 2767 1917 2816 conveaandam
1957 2760 2103 2826 supel-

491 2831 706 2883 ledilem
759 2832 816 2882 δε
856 2834 1245 2894 impedimenta:
1283 2838 1366 2882 des
1407 2831 1670 2897 fhurgons.
1915 2872 1920 2877 .

564 2912 676 2960 195.
712 2895 995 2962 Panthera,
1044 2899 1151 2949 &c.
1189 2896 1434 2960 Animal,
1471 2899 1602 2946 mole
1639 2895 1754 2945 cani
1797 2892 1969 2958 majori
1997 2908 2102 2955 par,

496 2961 748 3012 celeritate
788 2965 970 3030 infigni
1000 3000 1016 3026 ,
1053 2966 1186 3013 varia
1228 2963 1362 3027 pelle
1389 3000 1404 3025 ,
1449 2961 1506 3011 &
1541 2962 1793 3011 maculosa
1831 2976 1843 3004 ε
1874 2978 1958 3012 une
1984 2976 2100 3021 pan-

497 3031 642 3078 there.
691 3030 921 3077 camelus
946 3066 960 3090 ,
999 3049 1062 3079 un
1099 3034 1325 3079 chameau
1368 3064 1383 3090 ‚
1433 3027 1645 3090 jumenti
1693 3042 1854 3091 genus
1879 3061 1893 3087 ,
1929 3022 2105 3088 ingenti

498 3093 631 3139 collo
647 3126 663 3152 ,
701 3094 861 3154 capite
886 3095 1075 3156 hispido
1093 3127 1115 3154 ,⁴
1141 3094 1346 3158 gibboso
1379 3109 1535 3157 tergo,
1570 3094 1830 3141 Pantherae
1851 3088 2105 3140 &Camelo

499 3154 657 3204 fimile
689 3156 754 3202 est
777 3157 958 3205 animal
982 3160 1113 3218 quod
1138 3175 1315 3206 vocant
1355 3158 1806 3219 camelopardalim.
1836 3153 2012 3204 Cameli
2032 3168 2106 3200 ca-

497 3232 588 3286 put
619 3219 864 3283 hispidum
894 3223 1113 3273 imitatur
1128 3239 1147 3290 3
1177 3224 1428 3287 panther-e
1450 3224 1631 3272 variam
1660 3221 1844 3285 pellem
1876 3219 1994 3269 albis
2014 3233 2106 3267 ma-
