2269 3773
337 192 343 198 ’
430 217 476 306 3
497 215 598 299 50
829 186 1147 271 Horatii
1202 187 1645 272 Satirarum

531 318 727 376 Castor
748 316 950 391 gaudet
969 316 1119 389 equis
1133 362 1151 391 ,
1184 339 1293 376 ovo
1311 336 1606 389 prognatus
1632 317 1822 377 codem
1836 361 1853 387 ,

493 391 506 403 “
528 390 750 460 Pugnis·
762 390 947 518 ιἁὶωοῑ
971 389 1208 459 capitum
1242 389 1466 459 vivunt,
1514 390 1741 449 totidem
1762 388 2059 449 studiorum

529 461 724 520 Millia.
830 481 859 517 c
897 461 1117 532 pedibus
1158 461 1386 519 delectat
1426 463 1669 520 claudere
1705 463 1901 532 verba,

529 533 704 592 Lucili
735 533 875 600 ritu,
917 533 1156 590 nostrum
1194 532 1431 591 melioris
1473 550 1727 606 utroque.

432 626 519 678 30.
534 605 628 661 Ille
659 607 810 662 velut
842 603 963 662 fidis
999 623 1190 661 arcana
1226 603 1489 662 sodalibus
1521 605 1656 663 olim

529 676 800 734 Credebat
837 675 1010 737 libris3
1059 695 1266 747 neque,
1316 675 1353 732 fi
1380 678 1521 735 male
1542 676 1802 750 cesserat,
1836 675 2063 748 usquam

526 749 829 807 Decurrens
869 747 1010 819 alio,
1057 767 1231 818 neque
1253 745 1291 804 fi
1310 746 1462 806 bene.
1501 749 1637 822 Quo
1666 747 1731 806 fit
1766 765 1826 806 ut
1845 750 2025 808 omnis

526 820 733 879 Votiva
768 830 943 890 pateat
965 862 981 889 ,
1017 819 1187 876 veluti
1229 818 1488 890 descripta
1515 821 1743 893 tabella,

526 891 660 951 Vita
700 891 847 950 senis.
902 890 1111 962 Sequor
1150 890 1292 949 hunc
1310 935 1330 961 ,
1371 892 1619 954 Lucanus
1662 914 1731 950 an
1772 890 2025 963 Appulus
2046 935 2069 963 ,

793 982 999 1032 anceps,

431 1033 673 1111 35.Nam
693 1033 995 1110 Venusinus
1023 1050 1140 1090 arat
1160 1032 1324 1091 finem
1355 1033 1449 1092 sub
1481 1052 1773 1105 utrumque
1797 1035 2024 1092 colonus
2043 1077 2061 1105 ,

527 1106 719 1164 Missus
739 1105 804 1163 ad
825 1104 929 1162 hoc
947 1148 961 1175 ,
994 1105 1155 1176 pulsis
1171 1150 1188 1175 ,
1227 1123 1379 1163 vetus
1401 1109 1477 1163 est
1501 1124 1557 1163 ut
1577 1104 1722 1162 fama
1738 1148 1757 1173 ,
1800 1105 2062 1178 Sabellis»,

526 1179 662 1264 Quo
684 1199 749 1234 nc
771 1199 862 1248 pcr
882 1196 1111 1234 vacuum
1137 1177 1387 1234 Romano
1404 1177 1696 1235 incurreret
1715 1176 1911 1238 hostis;

525 1248 651 1310 Sive
672 1250 818 1322 quod
850 1250 1067 1318 Appula
1097 1267 1231 1319 gens
1313 1248 1403 1305 seu
1425 1248 1572 1321 quod
1594 1249 1829 1305 Lucania
1855 1248 2066 1306 bellum

526 1324 793 1382 Incutcret
812 1320 1065 1379 violenta.
1104 1317 1212 1377 Sed
1244 1292 1332 1377 liic.
1366 1321 1536 1394 stylus
1561 1319 1706 1377 haud
1726 1339 1888 1403 ‘petet
1915 1321 2065 1378 ultro

425 1417 515 1471 40.
532 1396 897 1523 Quemquam}i
930 1393 1298 1455 animantem
1343 1401 1399 1452 &
1438 1412 1531 1451 me
1576 1393 1747 1453 veluti
1798 1391 2067 1451 custodiet

791 1486 855 1523 en
902 1484 941 1525 s.

425 1772 445 1785 Ο
491 1704 792 1820 αόἐβαίζῖἰν.
827 1709 968 1758 Ledae
1003 1708 1143 1757 filius
1170 1744 1186 1774 ,
1214 1710 1413 1760 Helena
1452 1707 1642 1773 frater,
1685 1710 1746 1760 de
1769 1725 1869 1772 quo
1907 1709 2067 1760 multa

429 1787 486 1822 m
519 1790 548 1821 o
585 1789 631 1820 ιε
700 1788 723 1819 a
761 1787 831 1821 es.

493 1836 606 1899 Qvo
640 1845 1119 1903 prognatuscodem.
1153 1843 1322 1890 Frater
1345 1838 1557 1889 Castoris
1597 1839 1816 1901 Pollux,
1855 1838 1916 1888 de
1965 1848 2062 1902 quo

423 1903 566 1967 supra
616 1901 734 1952 fasta
788 1904 886 1965 iam
938 1906 1152 1957 mentio.
1209 1905 1434 1970 Fingunt
1475 1908 1642 1955 1²0&ae
1683 1920 1948 1967 utrumque
2006 1921 2065 1955 cx

433 1985 530 2018 ovo
569 1985 672 2019 uno
716 1984 904 2020 narum.

495 2047 573 2099 31.
614 2032 830 2099 Ceffirat.
869 2036 1039 2086 si-res
1068 2050 1236 2098 parum
1280 2035 1307 2082 ὲ
1362 2033 1607 2085 sententia
1638 2032 1941 2085 succcfferat.
1970 2042 2063 2085 Le-

429 2097 507 2165 git
544 2101 836 2150 Torrentius
879 2102 1079 2167 geſjerat
1126 2121 1140 2151 ε
1179 2101 1441 2164 omnium,
1491 2115 1545 2150 ut
1580 2097 1813 2163 affirmat,
1860 2100 2061 2151 suorum

426 2165 654 2214 codicum
697 2167 811 2215 fide.

494 2242 574 2297 33.
620 2227 672 2280 V
669 2234 821 2282 οιὶνα.
839 2237 910 2281 Ex
939 2246 1056 2280 voto
1092 2230 1261 2293 polita.
1294 2228 1546 2281 Nimirum
1573 2229 1657 2291 qui
1686 2229 1913 2293 periculo
1941 2246 2062 2291 quo-

430 2294 598 2358 piam,
633 2297 712 2345 vel
755 2300 925 2345 morbo
967 2296 1218 2355 defuncti,
1256 2311 1341 2345 aut
1379 2294 1591 2356 alicuius
1643 2296 1750 2343 voti
1805 2310 2059 2358 compotes

427 2359 540 2410 fasti
569 2375 708 2409 erant
732 2396 746 2421 ,
786 2362 825 2410 ii
869 2363 1157 2424 quandoque
1188 2377 1291 2410 rem
1338 2361 1396 2409 in
1438 2360 1619 2410 tabella
1648 2360 1823 2423 pictam
1858 2360 2054 2424 publice

430 2425 487 2473 in
523 2426 726 2487 templis
762 2430 1120 2490 proponebant.

424 2554 445 2603 ¹
477 2503 577 2602 ι34.
615 2488 838 2541 Lucanus
875 2494 1084 2542 Lucania
1112 2529 1128 2555 ‚
1158 2507 1269 2554 pars
1298 2491 1453 2541 Italiae
1486 2504 1714 2539 extremae
1739 2527 1755 2554 ,
1787 2507 1939 2556 prope
1955 2496 2054 2542 Ca-

450 2569 474 2601 a
510 2570 647 2603 riam.

497 2631 576 2681 35.
613 2617 888 2683 Venusinus.
931 2621 1141 2669 venufia
1162 2623 1278 2670 urbe
1300 2621 1487 2683 Apuliae
1513 2656 1527 2682 ,
1550 2620 1741 2669 Horatii
1767 2622 1941 2701 patria.
1972 2628 2056 2671 Sa-

427 2683 549 2738 belli
575 2685 730 2747 igitur
751 2683 1041 2731 Samnitium
1072 2687 1284 2748 populus
1305 2722 1318 2747 ‚
1346 2687 1552 2736 venusta
1571 2687 1690 2748 pulsi
1733 2702 1845 2734 cum
1868 2686 2018 2736 effent
2034 2721 2052 2748 ‚

426 2747 554 2797 illuc
579 2747 712 2795 miffa
745 2747 812 2795 est
836 2754 1171 2800 Romanorum
1205 2751 1406 2799 colonia
1426 2787 1440 2811 ,
1468 2765 1522 2800 ut
1559 2767 1625 2799 ue
1653 2767 1856 2800 vacuam
1881 2756 2051 2801 urbem

421 2813 609 2861 rursum
639 2812 880 2862 Samnites
903 2827 1200 2877 occuparent
1217 2852 1233 2879 ,
1257 2817 1471 2878 indeque
1488 2851 1504 2879 ‚
1529 2830 1584 2865 ut
1605 2830 1777 2877 antea,
1805 2817 1861 2865 in
1884 2831 2052 2882 agrum

428 2884 707 2925 Romanum
741 2892 1072 2930 excurrerent.

492 2955 573 3004 37.
608 2940 793 3006 Hostis.
846 2944 936 2992 vel
959 2980 975 3006 ,
1014 2961 1066 2993 ut
1105 2945 1346 3008 exposui,
1382 2948 1625 2998 Samnites
1665 2946 1754 3009 ips»
1783 2982 1797 3008 ,
1843 2941 2051 2996 Venusia

423 3007 544 3070 pulfi
591 3026 602 3056 ε
651 3008 767 3071 vel,
809 3010 992 3057 Lucani
1020 3008 1076 3058 8(
1103 3011 1253 3072 Apuli
1280 3047 1296 3074 ,
1346 3012 1618 3061 hoc-sensu
1652 3027 1668 3056 .·
1704 3027 1773 3060 ne
1808 3010 2052 3061 hostiliter

405 3074 478 3121 -in
508 3079 759 3121 Romanos
812 3073 1122 3124 incurrerent
1145 3092 1161 3138 ;
1188 3079 1287 3141 five
1319 3084 1477 3139 quod,
1515 3077 1621 3128 &c.
1659 3077 1712 3125 id
1733 3076 1798 3127 est
1824 3076 1924 3125 five
1950 3076 2043 3125 ali-

425 3140 557 3201 quod
590 3137 778 3187 bellum
805 3140 1011 3187 Lucania
1030 3175 1046 3201 ,
1077 3140 1176 3189 five
1213 3142 1411 3201 aliquod
1448 3143 1631 3205 Apulia
1660 3144 1954 3196 intentaret·

493 3217 574 3268 39.
608 3202 891 3268 Hic-stylus.
933 3211 1007 3253 Ita
1039 3219 1185 3253 vocat
1213 3207 1377 3254 satirae
1410 3208 1658 3263 aculeum.
1684 3237 1691 3240 -

488 3282 573 3328 40·
606 3267 941 3326 Animantem.
990 3270 1256 3326 viventem
1283 3272 1563 3331 hominem.
