2269 3773
439 185 616 303 Lib
677 217 794 302 II.
854 217 1122 301 satira
1183 218 1303 303 Π.
1516 220 1670 331 381

60 348 406 441 gnosceret·
439 372 602 415 nemo
628 372 726 434 qut
715 352 1001 438 statuis,
1026 327 1234 433 aliisve
1256 353 1524 435 operibus
1540 374 1687 433 pre-

70 445 219 505 tium
245 487 263 520 ‚
314 443 765 546 quanticumque
804 441 1031 501 demum
1058 461 1127 500 ea
1150 436 1344 525 effent
1353 489 1372 522 ,
1404 437 1691 525 solertius

71 550 148 592 ac
172 524 376 591 rec‘t'iits
369 544 686 626 ’ponerett
714 548 881 589 nemo
908 529 1008 610 qui
1028 521 1231 590 hortos
1253 550 1324 590 ac
1348 532 1694 614 magnificas

72 619 231 681 aedes
257 612 484 701 majore
518 634 646 677 cum
672 614 1054 677 emolumento
1082 637 1153 678 ac
1171 617 1335 678 lucro
1360 634 1696 680 coemeret:

74 707 223 765 adeo
271 721 337 764 ut
379 697 599 765 obeam
645 720 763 765 rem
804 704 1189 783 Mercurialis
1213 705 1440 767 dicerer
1462 724 1696 790 ,atquc

72 791 187 875 ιβο
225 794 577 874 cognomine
607 790 814 876 paffim
854 792 920 852 in
964 791 1122 854 urbis
1168 813 1439 877 compitis
1449 791 1696 875 saluta-

79 898 199 940 rer.
241 878 531 961 Equidem
554 881 748 944 audiv'
727 900 797 957 1‚·
843 898 912 939 ac
935 881 1307 943 veliementer
1335 885 1524 944 miror
1542 929 1565 961 ,
1592 878 1704 966 qul

62 965 215 1050 fieri
234 969 497 1070 potuerit
520 985 585 1029 ut
606 987 681 1027 ex
704 967 810 1051 ιβο
829 968 1015 1030 αηὶιηί
1038 967 1236 1029 morbo
1257 968 1693 1050 convalesceres.

86 1045 429 1136 caeteram,
471 1058 558 1118 ita
574 1050 711 1134 sum
753 1072 820 1112 eo
865 1054 1065 1116 morbo
1089 1054 1352 1136 levatus,
1400 1075 1466 1118 ut
1501 1055 1698 1139 nescio

83 1160 202 1227 quo
234 1138 402 1241 paclo
447 1145 513 1205 in
557 1138 740 1204 alium
777 1142 1144 1205 inciderim·
1118 1192 1140 1222 ,
1185 1164 1354 1227 quem
1387 1145 1702 1206 admodum

86 1229 327 1330 aegrotis
373 1228 593 1293 accidit
612 1228 952 1308 aliquando
980 1275 1005 1307 ,
1057 1248 1123 1291 ut
1158 1227 1361 1293 lateris
1408 1229 1580 1292 dolor
1613 1229 1710 1293 tel

85 1317 306 1399 capitis
330 1362 353 1395 ,
404 1320 468 1380 in
507 1316 877 1399 stomachum
918 1316 1276 1380 traducatur.
1343 1319 1450 1380 Sic
1493 1315 1551 1379 fe
1602 1319 1707 1401 qui

85 1404 356 1487 lethargo
398 1401 809 1489 εοηβίεἵαιιτιιι·
830 1445 847 1475 ,
895 1402 941 1466 ἱί
985 1424 1436 1503 nonnunquam,
1478 1424 1704 1469 mutato

86 1510 324 1574 repente
379 1491 626 1572 morbo,
665 1490 829 1575 fiunt
872 1491 1206 1573 phrenetici
1229 1542 1252 1574 ,
1281 1489 1531 1579 jamque
1575 1514 1706 1556 cum

89 1581 319 1643 medico
383 1583 567 1669 instar
597 1579 867 1664 pugilum
911 1577 1202 1644 luc‘lantur
1243 1603 1313 1644 ac
1351 1585 1701 1666 depugnant.

102 1669 202 1730 Tu
243 1662 423 1749 tero,
471 1671 554 1731 mi
613 1666 864 1751 Damas
853 1687 971 1750 ppe
997 1715 1020 1747 ,
1078 1689 1433 1755 quocumque
1472 1668 1711 1733 libuerit

94 1756 360 1836 corporis
401 1754 458 1818 δ’
499 1757 681 1820 animi
714 1755 913 1818 morbo
952 1755 1203 1836 labora,
1244 1754 1418 1821 modo
1459 1779 1530 1820 ne
1565 1760 1713 1843 quid

46 1902 49 1905 .
98 1842 214 1909 tibi
266 1846 495 1908 accidat
529 1844 583 1930 s
562 1842 720 1906 mile
759 1845 886 1930 istis
913 1845 1325 1928 phreneticis,
1372 1867 1442 1909 ac
1478 1866 1710 1948 pugnos

100 1930 146 1996 ὰ
192 1950 281 1991 me
327 1932 621 2018 abstineas.
670 1934 902 2015 Rides,
940 1935 1208 2011 Horati,
1250 1936 1414 2016 atqui
1459 1934 1585 1994 noli
1606 1937 1713 1997 ni*-

98 2015 289 2083 mium
336 2021 444 2084 tibi
478 2021 760 2103 placere.
786 2022 927 2103 quin
960 2019 1049 2104 fic
1093 2019 1353 2099 habeto,
1398 2017 1457 2082 ee
1498 2039 1601 2099 te,
1654 2017 1715 2082 ἃ

97 2104 380 2172 mortales
402 2129 591 2191 prope
632 2104 926 2188 universos
958 2107 1229 2192 plzrenefi
1269 2104 1583 2189 &insanid
1607 2107 1715 2170 la·-

102 2196 311 2258 borare
328 2195 435 2277 ,fi
483 2217 599 2280 qua
621 2197 913 2261 Stertinio
940 2194 1148 2281 mfignt
1162 2194 1565 2277 philosopho
1593 2198 1715 2257 ad·-

95 2283 359 2352 hibenda
401 2285 482 2369 est
508 2283 729 2366 fides·
710 2331 726 2344 .
748 2279 821 2344 ὰ
873 2303 985 2367 quo
1026 2284 1159 2345 lzaec
1200 2282 1563 2345 admirabilis
1597 2281 1717 2365 sa-

90 2373 348 2456 pientioe
414 2392 632 2434 arcana
672 2305 911 2434 didiciq
871 2418 896 2452 ,
957 2391 1030 2433 ac
1075 2369 1284 2433 libenti
1328 2367 1477 2455 san)
1517 2373 1752 2434 animm

108 2599 404 2693 cogitabam.
442 2627 668 2690 Tiberis,
715 2628 828 2692 ibi,
864 2628 950 2677 ubi
988 2627 1092 2677 fere
1124 2644 1321 2692 campus
1353 2627 1473 2676 olim
1513 2627 1723 2677 Martius

109 2708 250 2757 erat,
283 2692 436 2742 efficit
476 2693 686 2742 insulam
723 2713 737 2742 ε
776 2696 881 2744 haec
908 2694 1096 2755 duplici
1131 2709 1281 2756 ponte
1314 2688 1418 2743 urbi
1454 2692 1720 2757 iungitur:

110 2759 236 2807 alter
274 2772 474 2806 vocatur
490 2759 774 2819 Fabricius,
817 2759 848 2806 a
876 2758 1101 2807 Fabricio
1136 2759 1394 2806 conditore
1433 2759 1494 2806 fic
1531 2758 1681 2806 diana
1704 2792 1722 2819 ,

108 2838 254 2872 nunc
297 2824 325 2870 a
355 2822 501 2870 statua
544 2822 652 2874 Jani
696 2836 902 2885 quatuor
941 2823 1183 2884 capitibus
1232 2822 1486 2887 infignita,
1521 2838 1622 2882 quae
1667 2822 1726 2869 in

110 2901 330 2936 extremo
371 2900 521 2949 ponte
552 2887 719 2935 visitur
744 2886 1054 2949 ,appellatur
1078 2893 1213 2934 Pons
1254 2901 1454 2946 quatuor
1476 2886 1723 2948 capitum,

108 2949 275 3001 Ponte
304 2952 354 3000 di
391 2965 557 3014 quatro
589 2952 717 3014 capi.
742 2952 889 3000 Alter
909 2967 1037 3014 pons
1069 2951 1316 2999 dicebatur
1339 2950 1559 3013 Cestium,
1591 2964 1729 2999 nunc

110 3032 245 3080 pons
280 3023 327 3064 S.
361 3011 701 3065 Bartholomaei
727 3032 945 3066 vocatur·

185 3092 269 3144 37.
317 3077 501 3143 Operto
535 3081 710 3143 capite.
757 3088 828 3129 In
864 3081 993 3130 luctu
1040 3092 1184 3141 caput
1223 3079 1509 3126 obvelabant
1534 3114 1550 3139 ‚
1601 3094 1734 3141 prae-

106 3145 283 3193 sertim
309 3145 343 3192 fi
388 3145 633 3193 moriendi
662 3145 922 3197 confilium
947 3144 1210 3203 cepiffent,
1249 3144 1374 3204 quast
1421 3143 1579 3189 lucem
1614 3159 1734 3204 per·
1831 3137 1842 3145 ’

117 3209 238 3272 0¹33
280 3222 402 3270 aut,
443 3223 509 3257 ne
541 3208 657 3269 quid
698 3209 865 3261 videre
913 3209 1133 3274 pulsent,
1169 3224 1261 3269 quo
1293 3208 1321 3255 a
1362 3207 1582 3269 sulcepto
1615 3220 1735 3255 mn·

110 3273 226 3325 filio
265 3273 642 3330 deterrerentur.
