2269 3773
510 218 682 301 Lib.
745 216 862 303 II.
922 147 1192 300 satira
1248 216 1420 321 HL
1600 213 1811 331 395⁶

136 350 201 438 fi
250 353 530 437 populum
562 372 1014 435 praetereuntem
1038 399 1059 430 ,
1109 371 1216 414 aut
1256 354 1434 414 etiam
1473 354 1773 433 mancipia

141 446 348 523 pretio
379 439 416 505 ὰ
467 462 523 506 te
566 462 904 525 comparata
951 439 1243 525 lapidibus
1295 459 1594 524 appeteres
1627 488 1649 520 ,
1700 439 1774 504 ac

140 528 359 616 sugere
389 552 617 615 cogeres
641 526 678 594 ,⁹
722 531 842 617 Ipfi
875 535 1049 612 pueri
1094 550 1164 590 ac
1190 528 1412 610 puellae
1449 531 1772 590 dementem

156 637 218 681 te
252 617 515 703 prosec‘lo
542 666 564 697 ‚
609 621 682 682 id
702 620 760 706 st
775 619 1009 701 faceres
1034 667 1055 698 ,
1082 619 1502 698 praedicarent.
1551 614 1775 700 Quid?

157 701 295 769 citm
318 711 445 771 doti
466 710 667 770 uxoris
685 754 703 784 ,
730 710 1042 770 hereditati
1068 708 1277 768 matris
1294 752 1315 783 ,
1347 707 1544 769 inlzias
1563 752 1584 783 ,
1616 707 1773 768 hanc

155 816 418 878 veneno,
462 797 627 858 illam
667 789 871 882 laqueo
914 815 1157 873 enecas,
1184 791 1435 876 sanusne
1458 790 1573 856 es?
1616 798 1784 877 Quid

159 888 322 947 enim
358 883 758 966 'excusationis
803 884 1016 970 affirre
1045 902 1219 965 potes
1246 877 1282 945 ?
1322 905 1399 946 an
1446 885 1585 967 quia
1642 884 1774 948 lzaec

156 976 446 1036 immania
479 970 706 1055 scelera
763 975 826 1035 in
869 974 1005 1035 urbe
1048 971 1222 1054 Argo
1278 992 1396 1040 non
1441 975 1708 1057 admittis
1745 997 1773 1053 ;

158 1080 267 1125 aut
313 1065 451 1144 quia
498 1065 696 1142 eodem
742 1060 943 1145 gladio
989 1081 1106 1123 non
1155 1059 1371 1137 uteris,
1419 1080 1531 1143 quo
1580 1084 1777 1125 amens

163 1152 395 1237 Orestes
454 1151 517 1212 in
580 1169 826 1213 matrem
857 1147 1118 1232 faeviit;
1166 1146 1387 1207 idcirco
1439 1164 1496 1208 te
1541 1150 1776 1233 negabis

156 1236 419 1319 insanire
444 1233 480 1300 ,Ρ
531 1260 607 1300 an
642 1235 817 1320 putas
869 1238 1128 1324 Orestem
1171 1234 1464 1296 dementia
1499 1255 1614 1296 non
1639 1258 1777 1300 ante

153 1322 489 1410 labor-affe,
532 1323 706 1411 quam
737 1326 969 1405 parenti
1014 1322 1298 1385 violentas
1339 1343 1543 1385 manus
1579 1325 1776 1408 aff'er-

157 1433 255 1479 ret
283 1409 319 1477 ?
362 1412 476 1477 Ille
522 1410 654 1478 verb
707 1410 743 1474 ὰ
788 1413 992 1476 Furiis
1026 1430 1293 1493 praeceps
1322 1407 1382 1471 δ’
1405 1422 1602 1473 vecors
1627 1434 1776 1498 age-

157 1503 376 1579 batur,
420 1499 596 1582 prius
633 1503 811 1566 etiam
855 1498 1031 1584 quc>m
1057 1498 1293 1582 ferrum
1341 1494 1398 1560 C?
1434 1521 1639 1563 manus
1664 1503 1780 1564 im-

143 1591 290 1673 pias
340 1608 603 1653 materno
636 1588 927 1673 sanguine
971 1588 1336 1662 macularet:
1377 1584 1496 1651 imo
1545 1610 1619 1651 ex
1662 1612 1777 1675 quo

143 1673 358 1761 palam
402 1698 700 1761 erumpere
730 1676 918 1759 f'uror
972 1674 1096 1757 ejus
1143 1678 1358 1759 caepit,
1403 1676 1563 1739 nihil
1604 1699 1778 1741 com-

157 1765 317 1847 misit
359 1768 670 1829 admodum
704 1764 1122 1848 vituperabile;
1165 1786 1283 1827 non
1311 1766 1591 1850 Pyladen
1615 1770 1780 1830 ami-

158 1865 292 1917 cum
316 1895 334 1925 ‚
381 1875 495 1917 non
520 1852 785 1936 sororem
812 1850 1102 1919 Electram
1124 1848 1295 1933 ferro
1337 1853 1489 1940 loefit
1507 1878 1532 1935 ;
1582 1856 1780 1918 male-

161 1939 328 2005 dic'lis
348 1960 649 2028 utrumque
675 1944 1074 2008 tantummodo
1103 1937 1415 2021 insec‘t'atur
1435 1990 1457 2022 ,
1485 1944 1638 2006 lzanc
1659 1945 1781 2007 Fu-

162 2031 319 2093 riam
374 2032 838 2111 vocans‚·illum
896 2029 1014 2093 alio
1068 2031 1307 2090 nomine
1352 2026 1410 2090 C?
1460 2035 1722 2094 convicio
1750 2083 1774 2115 ,

159 2120 323 2204 quo'd
365 2118 457 2178 ira
480 2117 771 2205 furorque
794 2115 1086 2205 suggeffit.
1143 2117 1413 2197 Opimius
1454 2118 1595 2198 ille,
1626 2123 1786 2185 inter

162 2205 470 2288 immensas
500 2199 649 2289 'opes
703 2208 862 2268 domi
905 2205 1172 2268 conditas
1200 2207 1367 2286 inops
1394 2247 1411 2277 ,
1453 2209 1554 2288 qui
1564 2227 1782 2290 patera
1838 2230 1845 2238 ·

150 2289 330 2379 ficiili
373 2292 568 2356 diebus
595 2292 873 2380 profistis
923 2296 1117 2356 vinum
1149 2289 1396 2377 fugiens
1442 2291 1499 2355 C?
1546 2317 1789 2379 corrup-

162 2399 290 2444 tum
311 2403 337 2459 ,·
358 2378 526 2466 sestis
576 2402 767 2444 autem
793 2428 815 2460 ,
871 2379 1257 2445 Veientanum
1282 2379 1489 2457 'bibere
1530 2381 1780 2465 consue-

162 2486 368 2538 verat,
405 2464 571 2550 forte
622 2469 885 2553 lethargo
929 2469 1098 2554 gravi
1151 2475 1448 2551 correptus
1487 2466 1661 2550 suit,
1710 2494 1782 2536 ac

150 2576 346 2642 prope
371 2555 653 2641 depofitus
669 2580 711 2636 ,·«
732 2559 821 2618 ι”τα
848 2573 917 2618 ut
957 2557 1195 2619 heredes
1211 2560 1427 2639 gaudio
1452 2559 1781 2645 gestientes,

147 2641 291 2731 jam
328 2641 451 2729 ejus
497 2665 661 2708 arcas
688 2644 972 2708 ambirent
993 2692 1014 2723 ,
1067 2641 1126 2708 δ’
1166 2645 1351 2708 claves
1389 2649 1779 2729 exquirerent.

166 2732 263 2799 At
302 2733 553 2795 medicus
594 2735 688 2794 vir
711 2733 801 2818 fin
858 2731 1008 2796 ilari*
1029 2734 1160 2817 fide
1182 2781 1204 2813 ,
1254 2755 1420 2815 opem
1450 2733 1786 2818 ferrepro-

150 2841 375 2902 perans
398 2867 421 2900 ‚
470 2822 561 2882 uti
584 2842 671 2883 res
686 2842 769 2903 po
801 2819 965 2884 cebat
986 2867 1010 2901 ,
1060 2822 1174 2884 hac
1195 2839 1322 2882 arte
1345 2822 1639 2885 hominem
1665 2845 1781 2885 ex-

152 3074 159 3079 ’
233 3091 348 3136 142.
388 3076 587 3142 Pauper
620 3080 823 3145 argenti.
869 3088 980 3142 Quo
1011 3079 1201 3130 scilicet
1233 3096 1337 3130 non
1378 3083 1551 3133 utitur.

235 3156 351 3207 ¹43·
406 3141 739 3195 Veientanum.
779 3146 963 3195 Vinum
1007 3145 1143 3207 vile,
1183 3162 1333 3208 prope
1375 3149 1561 3210 VeioS,
1612 3151 1783 3198 urbem

167 3208 414 3269 Etruriae,
457 3226 590 3258 nunc
639 3210 827 3273 lsffola,
873 3211 1041 3258 difiam
1068 3247 1085 3271 ‚
1126 3226 1315 3259 natum.

212 3284 375 3331 '1440-
406 3273 604 3329 Trulla.
646 3276 777 3327 vilis
822 3275 888 3325 est
928 3289 1121 3338 patera,
1171 3291 1227 3325 ex
1264 3275 1456 3338 argilla.

1324 3340 1388 3403 R·
1425 3336 1488 3428 vj
