2269 3773
520 255 694 344 Lib.
755 248 823 342 Ῑ.
886 256 1155 343 Sacra
1214 254 1379 343 ῙῙῙ.
1599 286 1757 376 273

136 398 435 458 nonnemo
484 409 560 452 ex
607 388 921 476 astantibus
969 388 1057 471 fic
1108 388 1277 450 illum
1335 387 1629 466 increpuit
1670 406 1689 450 .·
1734 392 1771 451 ὅ

135 480 337 558 bone,
380 500 456 539 an
506 498 629 541 tute
671 477 778 541 tibi
820 498 877 538 es
920 481 1151 562 ignotus
1176 472 1212 540 ,Ρ
1270 494 1372 535 aut
1397 471 1606 554 speras
1656 497 1776 538 non

127 567 365 649 fallere
389 588 465 627 *ac
490 564 673 629 latere
693 562 730 629 ,Ρ
770 566 1026 628 norimus
1054 568 1158 650 qui
1167 564 1249 649 fis
1284 583 1303 626 .·
1347 582 1439 625 cut
1463 564 1730 625 Moenius
1749 587 1775 646 ‚-

142 658 328 722 Bona
370 654 581 736 rerba,
630 655 860 738 inquit,
909 656 1043 715 novi
1088 673 1180 715 me
1203 699 1225 730 ,
1269 671 1339 738 ac
1383 670 1604 712 mecum
1661 672 1773 735 ago

149 737 498 828 benignius,
559 739 617 804 δ’
660 742 805 803 milti
847 738 1085 824 metipse
1119 761 1328 823 parco.
1375 736 1568 802 Stulti
1612 758 1775 819 pro-

135 829 303 914 jec‘lo
320 831 481 913 facit
504 878 522 912 ,
559 853 630 893 ac
646 829 866 912 probro
892 833 1099 914 dignus
1137 830 1220 914 est
1239 875 1262 909 ,
1307 830 1407 911 qui
1415 825 1672 909 seipsum
1689 830 1778 916 fic

150 940 338 985 amat.
397 918 543 981 Ciim
588 920 651 979 in
709 919 970 981 videndis·
1017 919 1129 981 tuis
1177 918 1334 979 litiis
1371 937 1587 1000 parum
1623 939 1775 980 acu-

148 1026 250 1072 tus
279 1055 298 1088 ,
345 1029 417 1069 ac
446 1028 634 1090 prope
658 1005 851 1089 lippus
876 1007 999 1092 fis,
1041 1026 1148 1068 cur
1188 1008 1250 1066 in
1289 1008 1611 1067 amicorum
1629 1025 1781 1086 pec-

151 1098 307 1159 catis
342 1096 712 1178 dispiciendis
735 1095 934 1156 oculos
952 1094 1125 1157 habes
1151 1088 1312 1178 aequi
1353 1113 1512 1154 acres
1553 1088 1610 1152 δ’
1623 1115 1780 1175 per-

136 1182 413 1268 spicaces
450 1204 621 1269 atque
654 1182 853 1266 aquila
876 1230 899 1264 ,
946 1204 1048 1244 aut
1088 1181 1190 1243 ille
1232 1185 1407 1244 draco
1447 1200 1613 1264 quem
1639 1182 1785 1266 nos·
1828 1236 1845 1240 ,

156 1277 243 1337 tri
282 1270 532 1357 majores
572 1273 884 1352 Epidauro
921 1271 1275 1332 advexerunt·
1297 1264 1335 1331 ,Ρ
1379 1272 1611 1348 Nempe
1648 1273 1784 1334 inde

141 1363 233 1447 fit
256 1409 286 1441 „
325 1380 391 1423 ut
416 1362 523 1423 alii
550 1357 786 1443 riciffim
811 1361 875 1421 in
910 1378 1040 1423 tuos
1076 1378 1265 1420 mores
1306 1359 1628 1441 inquirant.
1675 1361 1789 1445 Est

159 1451 379 1534 aliquis
408 1445 810 1535 stomachosus
855 1442 913 1508 δ’
959 1449 1042 1509 ad
1085 1448 1450 1509 iracundiam
1487 1450 1781 1530 pronior,

162 1542 408 1623 ideoque
432 1535 805 1623 congreffibus
831 1536 1128 1599 hominum
1153 1537 1440 1599 dicacium
1461 1583 1484 1617 ‚
1519 1538 1609 1600 uti
1636 1558 1791 1602 nunc

146 1627 424 1712 plerique
437 1623 620 1707 sunt,
660 1622 1066 1707 &facetorum
1092 1675 1113 1708 ‚
1162 1621 1358 1689 minits
1397 1625 1477 1710 est
1499 1627 1739 1689 idoneus
1763 1651 1789 1710 ,-

159 1736 234 1780 ut
277 1717 378 1799 qui
416 1733 613 1776 eorum
642 1710 803 1797 sales
845 1707 1089 1795 &jocos
1114 1714 1284 1796 ferre
1309 1710 1549 1779 minim}
1564 1714 1786 1799 poffit:

164 1808 320 1867 idem
351 1803 578 1865 ridendi
624 1797 827 1882 ansam
873 1799 1081 1865 meriti>
1111 1803 1386 1885 proehet,
1431 1806 1575 1866 adeo
1622 1824 1790 1867 coma

164 1897 250 2046 ἴ
298 1889 503 1975 inscite
549 1886 764 1973 tonsa,
810 1891 975 1975 vestis
1022 1889 1367 1956 inconcinne
1424 1893 1789 1977 composita,

200 1983 209 1992 ’
265 1977 417 2043 male
431 1981 738 2062 pendens;
780 1979 963 2040 calcei
993 1978 1293 2059 laxiores,
1330 1977 1388 2041 f?
1411 1980 1653 2063 pedibus
1693 1984 1797 2043 vix

169 2071 479 2135 haerentes.
534 2068 678 2151 Esto
708 2062 855 2150 sani
878 2114 901 2148 ‚
948 2086 1012 2130 at
1050 2068 1132 2152 est
1173 2068 1412 2130 eximioe
1453 2070 1549 2130 vir
1582 2069 1801 2149 probi-

166 2161 315 2225 tatis
338 2206 360 2239 ,
402 2158 504 2219 vix
537 2174 602 2218 ut
629 2155 880 2238 reperire
904 2156 987 2242 fit
1007 2157 1334 2240 quempiam
1362 2150 1430 2218 εὸ
1454 2157 1751 2219 meliorem
1776 2176 1796 2221 .·

161 2267 239 2312 -at
283 2248 501 2309 amicus
549 2263 677 2306 tuus
720 2244 802 2329 est
851 2261 868 2304 .·
928 2245 1171 2328 denique
1214 2242 1581 2328 cultissimum
1621 2246 1798 2330 inge·-

166 2339 333 2401 niam
358 2331 472 2416 sub
517 2331 629 2417 istd
674 2330 903 2395 inculte?
946 2328 1003 2394 ἃ
1051 2334 1262 2418 agresti
1308 2335 1571 2418 corporis
1600 2330 1804 2416 specie

163 2422 476 2506 delitescit.
525 2424 785 2483 Demum
831 2439 887 2482 te
921 2420 1044 2504 ipse
1086 2422 1349 2504 inspice,
1401 2444 1473 2484 ac
1496 2419 1800 2505 scrutare,

166 2533 372 2578 annon
411 2510 571 2573 vitiis
603 2511 780 2572 etiam
815 2509 1101 2595 aliquibus
1140 2509 1365 2572 labores
1389 2559 1412 2592 ‚
1445 2526 1593 2596 ‘quae
1632 2511 1808 2597 infitae

163 2601 285 2666 ‘tibi
330 2596 567 2680 suerint
614 2595 652 2659 ὰ
705 2599 924 2661 ηατιινᾶ
946 2647 971 2678 ,
1017 2597 1110 2661 vel
1141 2598 1334 2681 prava*
1387 2598 1808 2684 consuetudine

169 2688 566 2767 inoleverint,
606 2685 807 2772 qualia
825 2684 1024 2770 solent
1069 2689 1142 2749 iis
1179 2683 1357 2773 ineffe
1399 2687 1535 2751 bene
1571 2688 1802 2770 multa,

168 2780 278 2866 qui
323 2779 392 2840 de
432 2778 628 2839 animo
674 2775 990 2838 excolendo
1017 2797 1133 2839 non
1170 2797 1524 2863 magnopere
1543 2776 1809 2860 solliciti

157 2865 320 2950 sunt
338 2914 359 2944 ,
403 2883 468 2928 ut
493 2861 718 2947 paliuri
762 2859 819 2925 G*
844 2863 1037 2949 filices
1079 2867 1145 2927 in
1184 2867 1341 2927 arvis
1373 2867 1608 2931 incultis
1640 2865 1811 2953 affa-

172 2956 286 3018 tim
315 2954 782 3038 progerminant.
827 2955 955 3017 Sed
972 2970 1280 3036 antequam
1315 2973 1510 3018 tamen
1544 2975 1648 3019 tua
1689 2977 1806 3017 ex·-

170 3043 466 3105 cutiamus
496 3043 648 3104 ritia
665 3089 688 3121 ,
736 3059 955 3103 mecum
986 3061 1207 3125 reputes
1243 3042 1413 3104 velim
1456 3043 1631 3128 quam
1660 3048 1813 3109 coeci

171 3125 292 3215 effe
318 3127 560 3213 soleant
597 3148 885 3194 amatores
911 3178 933 3210 ,
978 3127 1034 3192 C?
1080 3125 1255 3217 quam
1287 3129 1479 3213 facil>
1505 3131 1808 3214 foemina-

169 3240 308 3284 rum
351 3239 495 3303 quas
540 3236 786 3297 amant,
837 3221 990 3282 mevi
1023 3267 1044 3297 ,
1098 3221 1275 3282 etiam
1303 3219 1610 3305 soediffimi
1633 3266 1654 3297 ,
1686 3218 1815 3299 fit·-

170 3307 349 3397 giant
379 3303 634 3391 ipfhrum
663 3306 888 3392 oeulos,
929 3302 1048 3371 ιἠιὸ
1074 3355 1096 3391 ,
1156 3311 1332 3370 ctiam
1374 3309 1493 3373 illis
1511 3308 1820 3390 placeant.

1196 3392 1359 3462 Mv
