2269 3773
668 196 817 280 Lib
877 193 948 282 Ῑ.
1006 179 1276 278 Satira
1336 193 1404 279 Ῑ.
1643 194 1851 306 265'

173 329 388 417 sedat
423 326 763 413 consolandi
804 347 907 391 aut
933 326 1190 414 juvandi
1223 330 1398 390 causti
1416 374 1434 406 ,
1482 329 1583 412 qui
1625 351 1815 393 reme·-

188 424 338 501 dia,
387 420 590 505 quibus
645 418 973 501 depellatur
1004 416 1235 478 morbus
1257 463 1276 495 ,
1321 436 1665 499 comparet;
1716 425 1817 503 qui

179 514 475 574 medicum
516 505 810 593 arceffizt,
873 523 1110 589 oretque
1153 522 1220 566 ut
1263 525 1321 567 te
1355 501 1817 587 jacentemeri-

176 617 293 684 gat
313 645 332 678 ,
376 601 557 661 vitam
598 597 708 659 tibi
745 615 815 656 ac
841 591 1166 675 sanitatem
1211 595 1418 656 reddat
1436 642 1458 673 ,
1511 594 1819 681 liberisque

167 681 246 750 'te
272 689 432 766 tuis,
474 704 645 771 atque
686 682 947 770 affinibus
973 682 1202 765 fizlvum
1231 679 1288 745 δ’
1334 682 1657 747 incolumen
1682 686 1814 767 resl-

185 779 390 839 tituat.
448 774 516 837 V
504 769 669 835 erum
701 772 944 854 falleris
985 791 1004 834 .·
1048 771 1239 833 ιἠνὶτᾶ
1282 791 1464 834 uxore
1511 772 1818 857 liberisque

181 866 334 926 vivis
378 884 399 927 .·
445 864 623 924 vicini
656 881 852 922 omnes
875 908 898 939 ,
937 860 1113 942 pueri
1142 879 1212 921 ac
1241 859 1461 939 puellae
1483 908 1506 938 ,
1554 863 1819 943 quicum·

181 972 298 1037 que
338 972 395 1014 te
438 968 685 1027 norunt,
735 951 874 1010 odio
918 968 973 1009 te
1018 945 1235 1009 habent
1276 967 1294 1010 .·
1340 955 1444 1010 ne'c
1482 952 1692 1012 mirum
1736 954 1821 1037 est

183 1059 245 1103 te
292 1036 329 1101 ὰ
365 1040 589 1103 nemine
629 1035 801 1120 diligi
823 1085 846 1117 ,
890 1038 958 1098 id
991 1037 1147 1097 enim
1189 1055 1547 1120 nequaquam
1571 1059 1818 1119 prome·-

185 1129 381 1204 reris,
429 1128 531 1209 qui
575 1129 772 1187 omnia
803 1126 1124 1209 postponas
1161 1143 1398 1206 argento
1424 1173 1446 1204 ‚
1497 1121 1553 1186 G*
1592 1128 1816 1192 nemini

164 1211 453 1300 ‚prodeſje
494 1214 681 1293 velis3
717 1213 775 1298 fi
815 1216 969 1276 enim
1020 1209 1472 1274 benevolentiam
1522 1234 1815 1299 cognato·-

181 1323 319 1365 rum
344 1350 366 1381 ,
416 1302 517 1387 qui
542 1303 650 1365 tibi
677 1321 910 1364 naturae
933 1300 1162 1363 vinculo
1202 1296 1492 1380 conjunc7i
1514 1298 1699 1384 sunt,
1754 1302 1813 1366 δ’

179 1393 507 1454 attiicorum
533 1438 552 1472 ,
602 1387 938 1471 conservare
959 1390 1131 1473 stude
1145 1411 1200 1451 75
1221 1437 1243 1468 ,
1290 1391 1462 1473 idque
1498 1408 1555 1451 te
1578 1437 1601 1469 ,
1649 1392 1812 1453 nullo

182 1497 287 1542 tuo
325 1476 531 1539 ⁴labore
558 1525 579 1557 ‚
627 1476 785 1541 tzilzt'l
816 1480 892 1540 iis
935 1477 1234 1565 largiendo
1262 1524 1284 1555 ,
1335 1476 1602 1561 consequi
1642 1475 1816 1561 poffb

164 1586 350 1652 putes
372 1613 393 1645 ‚
420 1564 650 1650 frustra
696 1568 767 1627 id
785 1565 991 1650 speras
1015 1614 1038 1644 ,
1088 1587 1193 1628 nec
1231 1568 1419 1628 minus
1446 1587 1680 1646 operam
1704 1566 1813 1628 lu·-

181 1657 279 1717 dis
334 1651 508 1738 quam
544 1655 600 1740 fi
642 1655 856 1738 asinum
889 1650 1161 1734 fraenare
1217 1656 1402 1738 instar
1441 1658 1575 1740 equi
1623 1656 1808 1740 velis,

179 1740 247 1805 ἃ
303 1744 550 1805 incitato
598 1745 787 1823 gradu
844 1763 1106 1824 campum
1162 1736 1398 1823 juberes
1442 1765 1804 1825 percurrere.

184 1832 353 1913 Quid
375 1831 555 1911 plura
578 1826 616 1894 ?
657 1831 840 1916 desine
867 1830 1196 1915 ⁴aliquando
1233 1851 1496 1895 nummos
1537 1856 1817 1919 congere-

180 1939 247 1984 re
287 1943 303 1983 ε
349 1913 591 2004 cumque
630 1915 813 1982 multo
847 1919 1045 2000 plures
1086 1919 1196 1981 tibi
1234 1922 1405 1980 modo
1430 1917 1755 2005 suppetant
1778 1976 1803 2005 ‚

182 2002 361 2091 quam
395 2026 566 2071 antea
580 2013 619 2088 ,⁶
646 2004 781 2070 citm
823 2007 931 2070 tibi
957 2007 1040 2090 fit
1078 2001 1273 2069 minus
1314 2005 1385 2067 ab
1430 2011 1637 2091 inopici
1673 2035 1806 2075 me-

182 2098 460 2157 tuendum
512 2096 724 2178 5'pone
771 2098 1002 2157 modum
1042 2096 1117 2156 iis
1155 2093 1444 2157 laboribus
1492 2094 1549 2159 ἃ
1598 2104 1751 2163 curis
1776 2152 1803 2182 ,

180 2205 326 2268 quas
376 2185 439 2245 in
500 2185 772 2270 augendis
816 2181 1084 2265 fortunis
1147 2177 1413 2244 ltac‘lenus
1458 2185 1799 2273 collocasti:

165 2269 454 2355 siquidem
478 2294 574 2334 eas
600 2294 732 2355 opes
759 2271 1146 2356 comparasti,
1183 2291 1325 2354 quas
1360 2271 1617 2351 optabas.
1660 2281 1806 2339 No·-

177 2358 228 2421 li
252 2409 274 2439 ,
318 2357 510 2445 quoesb
557 2379 655 2440 te,
713 2361 1073 2425 Ummidium
1113 2360 1342 2421 imitari
1363 2382 1388 2439 ‚-
1437 2363 1562 2446 quis
1599 2362 1804 2446 fuerit

164 2451 416 2529 paucis,
462 2469 533 2510 ne
566 2447 831 2532 molestus
858 2449 970 2533 fim
998 2496 1019 2526 ,
1070 2447 1280 2510 dicam.
1331 2451 1434 2512 Ita
1474 2453 1629 2514 dives
1666 2475 1794 2522 erat

174 2554 245 2597 ut
280 2539 592 2618 pecuniam
644 2558 801 2615 non,
851 2557 962 2620 quo
1014 2537 1217 2600 coeteri
1249 2540 1466 2616 modo,
1513 2562 1795 2608 numera-

174 2641 270 2686 rec
285 2672 307 2703 ,
349 2624 466 2706 sed
516 2623 638 2706 ejus
679 2646 881 2687 acervo
921 2625 1118 2708 plenis
1175 2627 1387 2688 modiis
1436 2632 1789 2701 metiretur:

174 2713 329 2774 idem
377 2709 441 2777 eb
479 2712 652 2797 ufiyue
696 2733 902 2775 avarus
928 2761 949 2793 ‚
993 2733 1061 2774 ut
1105 2735 1223 2775 non
1261 2713 1570 2780 lautiorem
1614 2722 1791 2805 quam

173 2801 383 2884 infima
421 2801 717 2882 mancipia
752 2801 967 2864 cultum
1008 2823 1078 2864 ac
1114 2804 1288 2887 vestes
1316 2800 1577 2883 sumeret
1612 2828 1635 2872 .·
1681 2815 1791 2875 in·-

172 2892 347 2951 terim
385 2893 552 2973 gravi
600 2891 722 2952 dies
766 2887 1057 2974 noc7esque
1105 2888 1425 2973 angebatur
1457 2913 1613 2958 metu
1635 2945 1658 2978 ‚
1712 2889 1788 2966 n}

166 2979 374 3042 inedia
421 2975 705 3060 conset-‘Ius
751 2978 1067 3063 aliquando
1108 2980 1393 3042 interiret.
1446 2985 1511 3046 Is
1555 2987 1785 3053 demum

166 3063 205 3128 ἃ
256 3066 470 3130 liberta
508 3069 760 3151 quddam
779 3065 898 3149 sud
945 3071 1319 3147 interemptus
1349 3072 1465 3156 est,
1505 3094 1639 3156 quae
1677 3078 1782 3139 ni-‘

161 3151 289 3218 hil&
338 3152 532 3218 minus
579 3159 771 3235 audax
797 3205 817 3235 ,
860 3151 1034 3239 quum
1079 3157 1351 3242 Tyndari
1382 3157 1522 3242 filia
1546 3208 1566 3238 ,
1608 3161 1778 3228 illum

158 3244 228 3309 iu
266 3245 412 3307 duas
446 3263 652 3327 partes
700 3247 975 3311 dimidias
1026 3241 1492 3395 impafflffmri
1542 3249 1774 3334 diffidit.
