2269 3773
456 162 628 276 236
859 163 963 269 O.
1027 160 1343 244 Horatii
1402 158 1697 248 Flacci.

623 292 812 353 AErata
847 291 966 349 duci
1005 291 1241 363 pondere

552 365 765 423 Contra
806 366 1078 436 latroneS,
1117 384 1277 435 atque
1322 362 1567 423 servilem
1604 383 1878 438 manum,

458 458 544 509 30.
638 438 792 510 Hoc,
833 434 939 493 hoc
978 436 1194 494 tribuno
1225 435 1508 494 militum?

527 659 604 705 19.
648 642 826 693 Contra
855 651 1089 694 latrones.
1121 650 1161 691 E
1207 642 1382 705 piratis
1418 643 1558 690 enim
1584 642 1641 693 &
1680 645 1955 707 mancipiis
1985 646 2123 694 clas-

455 709 558 758 sem
590 709 721 756 suam
760 709 1054 759 conflaverat
1094 716 1264 758 Sextus
1290 707 1560 776 Pompeius
1581 745 1596 770 ,
1632 712 1724 770 qua
1767 710 1999 758 siciham
2032 727 2125 759 oc-

462 790 524 822 cu
563 788 744 820 averae.

524 790 607 885 ἕο.
645 836 781 900 Hoc,
828 836 933 888 δίε.
969 838 1069 898 Qui
1106 837 1260 887 fuerit
1289 836 1391 900 ipse
1423 838 1579 899 pirata
1620 835 1679 887 &
1710 838 2050 901 mancipium.

533 902 756 952 Tribuno
807 903 1038 954 militum.
1077 903 1295 952 Tribuni
1343 902 1588 952 militares
1625 902 1696 950 ita
1729 902 1873 952 fuere
1911 921 2122 954 nuncu-

936 1206 1251 1288 ODE
1371 1206 1638 1290 VII.

618 1393 731 1459 Ad
765 1395 1076 1457 Romanos
1114 1391 1327 1455 bellum
1362 1391 1534 1455 civile
1577 1393 1961 1458 meditantes·

564 1503 794 1635 Quo,
830 1566 942 1636 quo
978 1564 1214 1625 scelesti!
1247 1582 1341 1646 aut
1382 1558 1475 1623 c‘ur
1513 1564 1749 1623 dexteris

635 1638 912 1707 Aptantur
943 1638 1089 1695 enses
1123 1637 1365 1695 concini?

561 1702 829 1765 Parumne
868 1710 1105 1781 campis»,
1143 1726 1307 1781 atque
1335 1708 1599 1779 Neptuno
1642 1708 1798 1780 super

637 1778 682 1834 F
687 1781 842 1837 usum
866 1782 941 1837 est
967 1781 1145 1838 Latini
1167 1782 1252 1838 san
1302 1780 1479 1839 uinis?

470 1865 525 1921 ς.
579 1848 710 1908 Non
755 1867 815 1910 ut
848 1847 1097 1923 superbas
1142 1853 1249 1911 invi
1289 1874 1333 1910 ae
1377 1850 1730 1926 Carthaginis

639 1922 917 1982 Romanus
947 1945 1089 1982 arces
1132 1943 1312 1982 ureret
1331 1968 1348 1996 ,

566 1992 808 2054 Intastus
845 2017 939 2055 aut
973 1997 1263 2055 Britannus
1302 2016 1360 2056 ut
1387 1995 1726 2056 descenderet

640 2067 801 2125 Sacra
832 2088 1099 2127 catenatus
1138 2069 1259 2136 vifin
1308 2070 1315 2077 ’
1472 2132 1475 2135 ,

568 2136 673 2196 Sed
715 2159 804 2213 ut,
842 2138 1128 2200 secundum
1165 2155 1295 2199 vota
1323 2136 1646 2198 Parthorum
1668 2181 1689 2208 ,
1727 2137 1822 2196 sna

471 2229 565 2272 10.
656 2212 801 2272 Urbs
832 2211 947 2272 haec
977 2214 1175 2284 periret
1209 2210 1442 2270 dextera.

569 2280 765 2354 Neque
801 2284 891 2342 hic
930 2285 1066 2356 lupis
1106 2305 1262 2357 mos,
1292 2303 1387 2340 nec
1425 2280 1528 2340 fuit
1562 2280 1805 2340 leonibus
1817 2325 1839 2353 ,

643 2355 939 2427 Nunquam
963 2400 979 2428 ‚
1017 2355 1110 2414 nisi
1147 2357 1202 2413 in
1237 2356 1444 2426 dispar,
1485 2354 1626 2412 feris·

572 2424 817 2483 Furorne
856 2447 1068 2498 cerem,
1109 2448 1175 2484 an
1215 2428 1356 2497 rapit
1392 2426 1475 2482 vis
1503 2425 1717 2485 acriot‘.t

643 2497 739 2554 An
776 2500 965 2570 culpa?
1007 2498 1317 2570 responsum
1345 2497 1486 2558 date.

479 2568 791 2640 15.Tacent
811 2613 829 2642 ‚
876 2579 931 2628 &
960 2592 1055 2628 ora
1095 2573 1268 2642 pallor
1308 2570 1460 2628 albus
1495 2567 1709 2642 inficit,

539 2828 589 2862 1.
626 2809 738 2876 Quo
761 2846 778 2875 ‚
823 2810 929 2861 δίε.
969 2817 1117 2861 Anno
1142 2814 1281 2861 urbis
1313 2813 1427 2877 716.
1451 2811 1640 2861 bellum
1662 2811 1818 2861 civile
1843 2811 2110 2860 conflatum

481 2879 551 2930 est
589 2878 722 2927 inter
775 2885 967 2927 Sextum
1009 2879 1304 2940 Pompeium
1333 2915 1347 2939 ,
1394 2878 1566 2942 Magni
1619 2877 1781 2925 filium
1808 2912 1824 2936 ,
1873 2875 1932 2926 δί
1972 2881 2113 2925 Osta-

478 2944 618 2994 vium'
650 2962 665 2992 ε
708 2944 840 2994 sexto
858 2943 959 3006 post
993 2958 1125 2992 anno
1156 2944 1324 2993 exarsit
1354 2944 1485 2992 inter
1510 2943 1739 2991 eumdem
1774 2943 2031 2991 Oftavium
2056 2940 2112 2992 8ζ

477 3009 780 3059 Antonium.

544 3091 596 3137 7.
632 3073 904 3127 Britannus
955 3075 1182 3124 famaus.
1217 3075 1516 3135 Britann03‚
1565 3070 1687 3133 quos
1723 3071 1872 3118 modo
1919 3071 2111 3136 Anglos

480 3141 726 3202 dicimuS,
767 3154 1036 3190 tentaverat
1073 3140 1271 3200 quidem
1302 3146 1359 3188 C.
1396 3139 1496 3190 Jul-
1524 3137 1713 3198 Caesar3
1746 3137 1827 3183 sed
1855 3151 1947 3184 eos
1964 3151 2110 3186 nemo

481 3222 594 3254 ante
626 3206 885 3254 Claudium
907 3242 921 3266 ,
959 3213 1305 3266 Imperatorem
1344 3208 1370 3251 {1
1402 3203 1502 3255 Iul.
1525 3201 1712 3250 Caesare
1736 3201 1973 3260 quintum
1994 3237 2011 3263 ,
2032 3215 2110 3264 ρς·

477 3271 616 3325 nitus
644 3273 856 3324 domuit.
888 3278 1063 3322 Pacem
1098 3274 1156 3319 ab
1191 3271 1404 3336 Augusto
1427 3280 1764 3320 exoraverant.
