2269 3773
582 175 759 257 Lib.
819 172 892 258 Ῑ.
952 174 1217 259 Satira
1277 175 1436 260 IX.
1653 192 1813 292 ‘343

181 302 247 370 ξι·
275 303 609 388 'secundum
660 305 924 369 obtinens
968 306 1160 369 locum
1184 354 1204 388 ‚
1244 305 1356 367 tibi
1393 300 1617 392 egregi>
1657 306 1819 387 sub-

161 394 482 477 J'errirem.
519 398 621 459 Ita
666 398 854 460 vivam
881 444 903 475 ,
934 415 1001 459 ut
1026 417 1222 459 omnes
1270 395 1512 459 oemulos
1559 414 1691 457 tuos
1714 417 1824 459 aut

176 485 419 548 invidos
489 505 557 545 eo
611 482 782 566 pac‘lo
832 484 1108 568 abigeres,
1170 487 1401 564 Erras,
1451 485 1690 568 inquam
1716 532 1738 564 ,
1784 485 1821 547 ὂ

173 574 329 635 bone
379 591 393 631 ε
424 594 541 637 non
592 575 681 635 ita
728 575 945 637 vivitur
971 576 1133 657 apud
1165 575 1607 652 Maecenatem,
1651 589 1718 632 ut
1755 590 1823 634 tu

170 663 524 748 existimas:
555 662 720 724 nulla
753 667 957 726 domus
976 666 1057 749 est
1083 712 1102 742 ,
1127 665 1281 724 unde
1298 662 1409 745 ista
1429 709 1448 739 ,
1478 658 1612 745 quae
1638 661 1815 741 dicis,

171 754 324 815 vitia
350 746 584 837 longius
611 751 846 815 exulent
872 800 894 830 ,
938 753 1099 813 nulla
1129 748 1395 834 sanc‘lior
1419 745 1476 811 δ’
1502 750 1814 833 integrior.

169 843 370 905 Nemo
398 843 558 922 apud
591 841 757 903 illum
785 844 1186 904 incommodat
1208 840 1355 902 milzi
1378 885 1397 919 ‚
1427 858 1528 901 aut
1554 836 1820 919 infensus

169 931 307 991 ideo
354 931 472 1013 est,
520 926 681 1013 quod
723 929 1078 1010 locupletior
1106 931 1337 1014 mesit,
1390 946 1493 989 aut
1511 928 1814 1010 peritior,·

165 1014 553 1101 unusquisqne
576 1017 660 1080 ibi
683 1037 811 1080 eum
831 1039 943 1101 quo
970 1020 1177 1103 dignus
1192 1020 1288 1103 est,
1308 1016 1465 1077 nullo
1487 1016 1808 1096 invidente,

167 1103 364 1165 Iocum
397 1104 616 1186 fervat.
650 1110 809 1171 Rem
843 1153 863 1183 ,
895 1107 1090 1190 inquit
1121 1105 1224 1166 ille
1255 1153 1277 1185 ,
1309 1106 1522 1165 miram
1546 1125 1755 1165 narras
1779 1150 1804 1183 ,

169 1194 384 1274 uixque
413 1193 763 1256 credibilem.
818 1195 1080 1273 Tamen,
1110 1195 1313 1275 inquio
1329 1240 1351 1272 ,
1370 1192 1458 1277 fic
1473 1188 1545 1272 Je
1574 1212 1661 1252 res
1684 1191 1807 1252 ha·

169 1278 283 1342 bet.
322 1282 421 1343 Eo
450 1284 636 1366 tnagis
654 1325 671 1354 ‚
700 1277 951 1364 subjicit
975 1281 1286 1367 garrulus,
1315 1280 1808 1364 i:zcendorstudio

168 1362 230 1427 δ’
276 1370 602 1450 cupiditate
622 1416 643 1447 ,
689 1371 984 1432 amicitiae
1023 1369 1386 1434 Maecenatis
1419 1365 1754 1429 obtinenda?
1778 1414 1823 1447 ,A

166 1474 242 1516 ac
264 1451 734 1535 familiaritatis.
789 1459 882 1521 Tu
921 1453 1056 1520 vero
1083 1506 1101 1538 ‚
1137 1460 1418 1539 inquam,
1453 1455 1515 1540 fi
1535 1449 1698 1536 ferio
1740 1457 1815 1517 id

167 1544 372 1622 cupias
394 1593 416 1623 ‚
462 1541 519 1606 δ’
545 1548 736 1609 adniti
762 1542 1074 1628 paulisper
1109 1546 1252 1607 velis
1276 1593 1294 1628 ,
1344 1563 1412 1606 ut
1439 1540 1590 1624 sunt
1634 1563 1803 1628 egve-

159 1630 288 1713 giae
336 1631 505 1711 illae,
575 1633 779 1718 quibus
835 1652 891 1695 te
948 1636 1277 1713 proediturn
1323 1634 1489 1694 video
1519 1678 1541 1710 ,
1591 1632 1797 1716 dotes,

162 1737 402 1800 compos
442 1721 565 1782 voti
591 1722 726 1804 fies.
776 1721 864 1785 Et
890 1716 1024 1783 vero
1049 1723 1100 1783 is
1121 1724 1204 1806 est
1231 1722 1539 1784 Maecenas
1564 1765 1587 1797 ‚
1635 1719 1802 1804 cujus

159 1808 394 1868 animus
440 1806 766 1894 expugnari
794 1806 987 1891 facil?
1020 1810 1242 1896 postit3
1295 1804 1455 1893 quba'
1494 1805 1629 1869 cittn
1672 1808 1800 1892 ipsi:

161 1897 503 1982 intelligat,
550 1899 681 1959 ideo
712 1897 781 1981 se
796 1895 979 1980 paulo
1026 1899 1413 1983 difficiliorem
1461 1902 1542 1958 ad
1564 1898 1799 1976 primos

159 1974 530 2068 itzuisentium
578 1983 829 2071 accellits
867 1986 1117 2070 praebet.
1157 1988 1308 2048 Tum
1330 1984 1793 2068 garrulus;Ni-

158 2071 292 2154 lu'l,
342 2076 501 2156 quod
532 2076 764 2158 quidem
808 2077 872 2138 in
921 2097 1012 2138 me
1042 2076 1223 2160 situm
1258 2077 1415 2152 erit,
1465 2074 1736 2134 omittam
1762 2121 1787 2154 ,

157 2179 271 2245 quo
329 2181 447 2223 rem
509 2163 817 2246 conficiam
857 2161 886 2225 ὲ
925 2164 1229 2246 sententia*
1282 2181 1300 2222 .·
1343 2163 1513 2222 donis
1555 2161 1790 2225 tentabo

141 2246 450 2331 servorum
470 2251 699 2335 fidem,
730 2253 787 2338 fi
816 2250 1007 2334 semel
1024 2256 1305 2316 iterumve
1333 2244 1787 2333 rejecYusf'uero,

154 2357 521 2422 nequaquam
548 2360 744 2403 tamen
785 2340 1041 2425 absistam
1067 2392 1090 2423 ‚
1142 2360 1246 2404 nec
1271 2335 1439 2421 spem
1464 2334 1741 2420 abjiciam
1763 2360 1788 2402 .·

153 2425 361 2486 molles
426 2430 509 2489 rei
558 2432 831 2513 gerendae
876 2433 1072 2494 aditus
1095 2478 1117 2509 ,
1191 2449 1261 2490 ac
1317 2429 1789 2510 opportunitates

150 2532 352 2577 omnes
394 2516 641 2597 captabo
671 2517 1044 2581 :Maecenati
1072 2521 1244 2579 domo
1267 2519 1587 2597 prodeunti
1607 2518 1785 2578 adero

149 2622 347 2664 comes
369 2649 391 2681 ,
436 2605 676 2666 honoris
698 2609 876 2669 causa'
896 2626 914 2669 .·
942 2608 1126 2694 (istam
1171 2604 1267 2669 illi
1311 2625 1400 2667 me
1429 2601 1487 2671 ἃ
1531 2604 1786 2691 offeram

149 2688 309 2752 alias
340 2711 415 2752 ex
440 2691 800 2777 improviso;
840 2684 1041 2759 medid
1082 2696 1148 2757 in
1194 2690 1333 2757 urbe
1356 2742 1378 2774 ,
1424 2694 1487 2756 in
1513 2694 1647 2779 ipsis
1673 2698 1784 2757 tri-

149 2780 281 2845 viis.
344 2780 532 2845 Nihil
582 2783 646 2845 in
688 2783 804 2845 hac
846 2786 973 2847 vita*
1021 2783 1286 2847 homines
1329 2779 1605 2867 consequi
1649 2782 1779 2867 fine

146 2887 361 2956 magno
415 2868 615 2933 labore
654 2866 915 2956 poffiint.
980 2874 1150 2941 Dum
1202 2871 1334 2933 haec
1377 2871 1479 2935 ille
1522 2868 1783 2936 maxime

144 2954 522 3041 loqueretur,
565 2956 784 3042 Fufius
803 2959 1063 3046 Aristius
1084 2960 1342 3021 occurrit
1367 2957 1532 3023 nobis
1549 3007 1572 3039 ,
1601 2960 1776 3022 homo

143 3047 712 3133 milzi‘amiciffimus
729 3097 752 3129 ,
801 3051 1011 3132 quique
1042 3067 1350 3133 gerronem
1408 3049 1560 3111 hunc
1591 3046 1779 3130 probe

142 3156 338 3202 norat.
391 3133 721 3218 Paulisper
759 3138 843 3200 ibi
875 3134 1232 3222 subfistimus
1268 3139 1403 3200 dum
1448 3139 1669 3216 quaeric
1702 3157 1779 3198 ex

137 3245 231 3286 me
273 3227 434 3289 unde
482 3222 724 3288 'veniam
746 3273 770 3308 ,
810 3221 923 3311 quo
955 3246 1200 3311 per-gam
1250 3245 1320 3285 ac
1371 3225 1520 3293 milii
1574 3226 1775 3287 eadem

1166 3312 1214 3375 P
1259 3309 1326 3375 iv
