2269 3773
523 172 699 261 Lib.
760 174 830 259 I.
892 172 1158 259 Satira
1214 171 1383 256 ΙΙΙ.
1606 167 1783 261 281-

143 307 598 392 quoquomodo
625 310 921 394 quaefitam
946 356 968 387 ‚
1018 309 1320 370 inveniant
1354 328 1426 368 ac
1455 307 1775 389 repraesen-

141 411 284 457 tent
327 392 454 477 ipso
502 396 912 460 Kalendarum
958 399 1096 474 die,
1147 399 1250 479 qui
1298 398 1421 457 dies
1454 415 1777 478 propterea

129 485 413 569 ingratus
482 483 706 567 miseris
750 486 871 547 illis
924 484 1252 547 lzominibus
1307 485 1524 546 accidit
1556 531 1580 565 ‚
1648 503 1774 547 tum

132 591 479 656 coguntur,
526 577 886 656 captivorum
930 575 1156 658 instar,
1208 574 1264 633 ei
1294 571 1562 655 praebere
1608 591 1776 635 aures

128 665 426 725 recitanti
458 659 639 742 plane
677 661 920 744 insulsas
947 662 1218 744 historias
1241 708 1262 741 ,
1307 681 1441 744 quae
1480 660 1776 724 auditores

138 753 332 813 taea'io
369 747 539 814 vic‘los
564 769 824 813 enecant.
873 749 1080 834 Egone
1122 752 1370 814 amicum
1411 750 1631 809 idcirco
1660 750 1777 809 mi·

136 833 258 902 niis
304 858 537 919 amem,
586 834 746 923 quod
765 886 788 918 ,
834 837 1032 923 liaust'o
1076 832 1378 900 liberalius
1417 856 1623 917 mero,
1673 855 1774 899 to·

131 948 276 990 rum
301 929 507 989 deinde
523 975 545 1007 ‚
588 930 653 989 in
678 948 791 1060 {¹¹⁰
833 927 915 987 ad
944 922 1198 1007 mensam
1227 924 1596 987 accumbebat
1615 971 1638 1004 ,
1683 924 1779 986 lo-

135 1019 229 1080 tio
263 1017 655 1098 inquinaverit
678 1061 694 1077 .
757 1012 852 1076 vel
870 1009 1031 1097 quod
1063 1016 1336 1103 vetustam
1354 1013 1720 1097 paropfidem
1740 1061 1764 1094 ,

136 1104 267 1189 qud
290 1101 424 1185 usus
458 1103 741 1166 Evander
773 1102 914 1163 olim
974 1104 1129 1164 uerit
1167 1105 1237 1163 de
1276 1097 1474 1181 mensa*
1505 1102 1771 1163 excidere

126 1184 352 1274 paffits
388 1191 474 1275 fit
518 1211 591 1253 ac
628 1187 883 1275 fregerit
910 1237 925 1252 .
995 1189 1089 1251 vel
1123 1185 1285 1273 quod
1316 1188 1547 1268 pullum
1594 1191 1658 1249 in
1698 1192 1776 1251 ed

139 1279 340 1342 catini
384 1298 517 1363 quae
562 1299 653 1340 me
689 1275 989 1360 spec'labat
1016 1296 1194 1359 parte
1217 1324 1237 1355 ,
1284 1275 1601 1359 appositum
1627 1321 1645 1352 ‚
1699 1276 1771 1337 ob

124 1366 369 1450 famem
410 1369 690 1446 avidior,
730 1366 845 1450 fibi
870 1361 1252 1446 sumpserit?
1298 1362 1592 1447 Quasnam
1634 1383 1772 1449 ergo

127 1475 351 1538 poenas
388 1454 458 1516 ab
504 1452 629 1536 ipso
690 1472 944 1534 repetam
979 1500 1000 1531 ,
1048 1452 1106 1537 fi
1147 1474 1241 1514 me
1286 1451 1633 1533 expilan'erit
1659 1498 1681 1530 ,
1717 1449 1776 1534 fi

139 1540 508 1627 commistum
518 1544 671 1626 fidei
686 1539 822 1623 fita>
849 1561 1122 1603 arcanum
1149 1540 1500 1626 evulganrit
1522 1587 1544 1618 ‚
1587 1539 1630 1616 fi
1654 1559 1773 1600 rem

122 1631 371 1716 solenni
378 1631 763 1715 stipulatione
776 1625 1121 1713 promiff'am
1147 1631 1438 1713 inficiatus
1449 1615 1583 1707 sit?
1617 1631 1774 1691 Sunt

139 1721 381 1805 quidem
403 1716 748 1801 philosophi
768 1764 790 1795 ,
832 1720 934 1800 qui
960 1737 1205 1798 peccata
1233 1719 1432 1779 omnia
1460 1714 1569 1802 effe
1593 1719 1773 1796 paria

127 1806 332 1890 ferme
396 1808 643 1868 doceant
694 1822 711 1866 .·
762 1822 826 1864 at
879 1806 942 1867 ln·
1004 1805 1236 1890 difficile
1272 1804 1361 1888 se,
1411 1807 1768 1885 expediunt,

134 1897 355 1978 vixque
394 1898 729 1978 opinionem
764 1893 913 1977 hanc
933 1889 1108 1972 suam
1133 1895 1286 1956 tueri
1318 1891 1594 1977 poffitnt,
1635 1889 1771 1955 citm

132 1982 270 2067 ipsa
321 1988 404 2044 rei
451 1986 664 2047 veritas
726 1981 1061 2045 accuratius
1106 1982 1442 2066 exquiritur
1491 2000 1509 2044 .·
1559 1983 1774 2063 quippe

137 2067 525 2155 adversantur
579 2071 712 2155 ipfis
758 2091 946 2134 mores
990 2071 1290 2132 hominum
1329 2115 1351 2147 ‚
1418 2066 1771 2150 consuetudo

135 2165 285 2224 vitae
312 2207 331 2240 ,
382 2157 809 2245 communisque
860 2156 1067 2242 sensus
1091 2180 1112 2236 ,-
1178 2157 1421 2239 denique
1461 2156 1771 2240 societatis

137 2251 418 2313 lzumanae
455 2249 661 2312 bonum
690 2297 712 2328 ,
759 2269 834 2310 ex
882 2267 995 2333 quo
1038 2245 1190 2329 leges
1240 2240 1298 2305 ἃ
1324 2240 1471 2327 jura
1506 2248 1778 2307 videntur

137 2334 256 2423 eſj'e
291 2358 449 2401 nata.
504 2338 667 2400 Olim
691 2385 714 2415 ‚
764 2333 896 2398 ciem
939 2353 1132 2397 recens
1172 2332 1361 2394 adhuc
1400 2329 1541 2418 estet
1578 2335 1642 2394 in
1682 2354 1773 2393 re-

138 2428 300 2491 centi
338 2446 624 2491 terrarum
668 2422 802 2486 orbe
837 2445 1016 2508 genus
1054 2421 1398 2495 animalium
1426 2470 1448 2499 ,
1497 2442 1635 2485 tunc
1663 2423 1770 2481 ho-

138 2516 369 2594 mines,
413 2516 599 2599 instar
618 2515 903 2595 pecudum
941 2512 1148 2575 inculti
1184 2533 1254 2572 ac
1296 2513 1443 2573 muti
1465 2560 1486 2590 ,
1524 2528 1775 2592 propter

134 2602 411 2687 glandem
438 2651 459 2682 ,
501 2603 620 2685 qud
646 2599 1019 2685 ‘'efiebantur
1039 2649 1060 2680 ,
1116 2619 1218 2664 aut
1232 2618 1484 2681 propter
1521 2597 1768 2663 latibula

139 2694 412 2776 q'uaedam
462 2688 518 2753 f?
564 2711 738 2753 antra
765 2738 787 2769 ,
838 2693 899 2751 in
942 2690 1145 2774 quibus
1187 2688 1508 2774 degebant,
1557 2708 1765 2752 certa-

141 2774 348 2842 verunt
386 2781 543 2844 inter
560 2776 629 2863 se
646 2772 912 2862 primitm
948 2777 1232 2864 unguibus
1254 2825 1276 2856 ‚
1323 2798 1393 2840 ac
1417 2778 1678 2840 manibus
1703 2779 1767 2840 in

140 3069 212 3118 ria
245 3085 259 3113 τ
293 3072 420 3132 quod
448 3087 790 3147 argumentum
825 3087 930 3121 toto
971 3073 1218 3121 Paradoxo
1252 3071 1400 3120 tertio
1429 3072 1590 3118 trac-{at
1615 3063 1721 3114 fusi:
1745 3099 1764 3126 ,

140 3149 193 3184 ac
218 3139 422 3198 probare
462 3138 637 3185 mtitur
677 3144 868 3186 Marcus
896 3138 1118 3199 Tullius;
1161 3153 1305 3198 quem
1351 3150 1403 3184 tu
1444 3132 1663 3182 consssse.

205 3200 316 3252 106.
356 3199 475 3250 Fur.
520 3208 622 3250 Hoc
659 3202 821 3251 differt
852 3202 878 3249 'a
911 3203 1137 3261 latrone,
1175 3197 1301 3264 quod
1348 3200 1436 3251 iste
1474 3198 1630 3263 palam
1661 3230 1677 3258 ,
1704 3192 1760 3245 δε

142 3279 226 3329 per
263 3266 364 3315 vim
411 3267 565 3330 rapiat
610 3286 623 3319 a
654 3266 736 3318 far
761 3303 777 3332 ‚
813 3266 939 3318 elain
979 3266 1035 3318 &
1068 3266 1186 3321 astu·
1538 3282 1543 3287 '
1752 3276 1759 3281 '
