2269 3773
585 231 763 323 zib.
824 239 895 322 I.
947 239 1216 323 Satira
1276 237 1444 323 IV.
1683 266 1844 350 293

190 363 427 453 fanum
469 372 667 435 obvios
714 375 1029 437 admoneat
1064 392 1132 435 ut
1180 371 1466 456 absistant.
1516 369 1653 434 Nec
1696 374 1851 429 enim

200 455 401 523 minies
449 465 534 548 est
580 465 777 526 Poi'ta
819 459 921 540 iste
964 463 1304 524 metuendus
1344 505 1367 539 ,
1433 459 1536 543 qui
1594 477 1667 519 ne
1714 458 1850 542 ipsis

198 550 442 632 quidem
471 552 683 614 amicis
710 569 965 632 parcet,
1013 555 1159 614 adeo
1189 550 1468 632 carpendi
1500 547 1586 630 est
1614 547 1842 609 avidus.

202 639 517 723 Quicquid
551 657 744 703 autem
764 635 1075 722 scripseris
1096 687 1118 719 ,
1170 640 1282 702 lzoc
1304 640 1505 720 pueris
1531 683 1553 716 ,
1597 635 1845 715 vetulis,

200 728 474 790 omnibus
533 732 763 792 demum
820 722 860 788 ὰ
892 726 1085 811 fitrno
1143 724 1201 791 θ’
1235 727 1414 810 fonte
1479 726 1847 787 redeuntibus

197 814 359 897 leget
382 864 404 896 ‚
458 837 530 878 ac
569 817 793 879 nemini
824 818 1090 900 ignotum
1104 818 1260 904 finet
1279 811 1412 901 effe.
1474 808 1695 877 Verum
1723 834 1844 875 au-

197 906 312 982 di,
371 902 568 987 quaejb
597 953 618 984 ‚
669 925 863 987 pauca
890 951 913 986 ,
982 925 1117 990 qua·
1170 907 1297 991 istis
1340 903 1669 966 hominibus
1716 901 1845 987 resl-

187 996 511 1074 pondeam.
561 995 662 1057 Ac
685 987 887 1079 primo
925 997 1159 1079 quidem
1206 995 1464 1054 eximam
1503 1013 1593 1054 me
1637 1013 1712 1054 ex
1758 994 1848 1055 il·-

198 1082 398 1143 lorum
431 1101 678 1144 numero
722 1080 926 1166 quibus
969 1086 1186 1148 Poi‘tae
1221 1100 1435 1145 ’nomen
1476 1078 1845 1142 tribuendum

199 1169 471 1233 arbitror
487 1195 513 1250 ;
563 1190 750 1253 neque
788 1172 944 1234 enim
987 1171 1213 1233 dixeris
1234 1217 1254 1250 ‚
1298 1172 1380 1231 ad
1391 1171 1848 1252 promerendam

203 1258 367 1322 lianc
383 1259 747 1340 praeclaram
770 1308 792 1340 ,
828 1255 886 1320 δ’
921 1259 1165 1341 plenam
1204 1259 1445 1319 lionoris
1486 1256 1852 1339 appellatio-

202 1364 339 1409 nem
389 1349 610 1425 requiri
656 1349 992 1426 duntaxat,
1051 1366 1121 1409 ut
1163 1342 1455 1430 quispiam
1500 1349 1676 1409 certis
1720 1366 1847 1407 nu·-

201 1439 383 1496 meris
421 1428 484 1498 ’δ’
521 1434 770 1517 pedibus
814 1435 1111 1497 includere
1156 1434 1380 1518 versum
1408 1433 1573 1518 sciat
1589 1458 1615 1513 ;
1663 1454 1847 1517 neque

202 1526 466 1586 Poe'tam
500 1523 883 1606 appellaveris
904 1543 1033 1585 eum
1057 1517 1220 1605 cujus
1227 1522 1427 1607 stylus
1448 1519 1673 1603 solutae
1699 1543 1849 1584 ora-

99 1670 106 1679 ,
202 1612 364 1672 tioni
420 1608 480 1673 fe
542 1613 889 1696 quotidiano
923 1609 1190 1694 ser‘moni
1229 1607 1412 1694 plane
1461 1610 1546 1695 fit
1577 1611 1794 1695 similis
1818 1659 1845 1692 ‚

201 1700 296 1760 uti
337 1701 531 1786 noster
572 1701 671 1784 est.
721 1696 1054 1768 Enimvero*
1081 1698 1184 1760 ille
1232 1703 1701 1763 tantumrPoi'ta
1739 1702 1848 1762 di-

203 1789 424 1871 cendus
466 1787 549 1872 efl
569 1834 590 1867 ,
635 1790 737 1873 qui
760 1790 1073 1875 praeflaemi
1107 1790 1359 1873 quodam
1405 1809 1476 1850 ac
1504 1785 1693 1872 prop>
1737 1791 1849 1851 di-

200 1877 346 1938 vino
392 1878 627 1961 ingenio
661 1879 956 1959 praeditus
980 1876 1063 1961 fit
1086 1924 1111 1956 ,
1159 1877 1254 1939 cui
1282 1874 1556 1960 facultas
1595 1899 1664 1942 ea
1690 1872 1851 1960 fitp-

189 1981 376 2047 petat
399 2012 421 2043 ‚
478 1983 545 2027 ut
585 1985 673 2028 res
708 1985 950 2050 magnas
992 1963 1050 2027 f?
1075 1962 1267 2047 supra
1312 1963 1605 2048 vulgarem
1642 1966 1849 2027 homi-

203 2063 348 2116 num
389 2073 624 2135 captum
652 2054 877 2138 positas
912 2051 1213 2135 complec‘t’i
1257 2071 1450 2115 mente
1473 2098 1496 2128 ,
1552 2048 1610 2113 δ’
1634 2052 1848 2136 eff‘err'e

204 2139 397 2205 verbis
438 2139 636 2225 poffit.
697 2141 903 2227 Atque
950 2145 1018 2204 id
1067 2143 1132 2203 in
1179 2142 1358 2204 causd
1387 2136 1523 2220 fuit
1547 2185 1569 2217 ‚
1626 2161 1732 2202 cur
1783 2144 1849 2203 in

202 2228 444 2292 dubium
493 2226 758 2292 nonnulli
816 2231 1154 2293 vocaverint
1194 2274 1216 2306 ,
1281 2247 1477 2289 utrum
1544 2227 1849 2290 Comoedia

201 2313 350 2401 estet
386 2319 602 2397 poema
628 2366 650 2397 ‚
704 2338 882 2380 necne
928 2339 946 2381 .·
1000 2311 1162 2401 quod
1199 2318 1262 2377 in
1312 2315 1387 2377 eci
1431 2316 1683 2396 reperire
1724 2339 1844 2379 non
1888 2380 1896 2390 ,

187 2405 274 2491 fit
303 2405 474 2467 illam
500 2403 609 2487 seu
650 2405 949 2469 verborum
976 2453 993 2487 ,
1036 2405 1158 2488 sive
1203 2405 1384 2466 etiam
1415 2400 1848 2485 fhntentiarum

201 2497 325 2557 vim
354 2541 373 2573 ,
430 2489 490 2555 δ’
529 2489 958 2574 sublimitatem
1011 2514 1147 2576 quoe
1191 2492 1458 2576 poi'mati
1527 2494 1798 2556 convenit
1819 2517 1848 2577 ,-

201 2603 393 2669 neque
450 2578 489 2643 ὰ
524 2578 798 2664 sermone
855 2583 1204 2667 quotidiano
1266 2580 1392 2643 alid
1440 2600 1500 2641 re
1553 2584 1617 2643 di
1672 2601 1845 2664 erat,

200 2668 385 2759 quam
419 2670 665 2752 pedibus
708 2667 768 2732 δ’
812 2671 1015 2734 metris
1041 2716 1060 2748 ,
1121 2668 1325 2755 quibus
1375 2667 1503 2751 ipfiz
1554 2670 1843 2754 illigatur.

201 2761 458 2826 Atenim
482 2806 507 2837 ,
553 2760 748 2843 inquis
772 2805 794 2836 ‚
813 2756 824 2766 ⁸
845 2759 1150 2824 inducitur
1169 2759 1491 2843 aliquando
1527 2758 1590 2819 in
1621 2761 1851 2824 Comoe-

201 2852 310 2913 dia*
337 2846 530 2931 finex
570 2850 836 2933 graviter
868 2846 1292 2933 excandescens
1318 2883 1353 2926 ,=
1393 2867 1464 2908 ac
1492 2843 1632 2931 filio
1676 2850 1846 2912 velze-

201 2956 436 3002 menter
435 2932 784 3019 succensens
800 2985 819 3018 ,
865 2933 1027 3024 quod
1056 2940 1108 3001 is
1127 2937 1496 3001 meretricem
1535 2937 1846 3023 depereat,

201 3027 478 3113 nolitque
508 3046 755 3089 uxorem
788 3029 998 3091 ducere
1020 3074 1045 3107 ,
1082 3026 1226 3091 licet
1248 3023 1551 3094 luculenta
1573 3029 1708 3089 dote
1731 3048 1847 3089 or·-

201 3135 411 3181 natam
463 3133 483 3177 .·
530 3111 693 3199 quod
735 3117 870 3179 vino
911 3118 1108 3204 gravis
1152 3118 1390 3180 incedat
1446 3135 1576 3177 cum
1612 3113 1852 3196 facibus

195 3204 551 3290 per-urbem
572 3227 599 3286 ,·
644 3206 822 3268 etiam
849 3206 1153 3287 interdiu,
1199 3226 1318 3269 non
1338 3204 1465 3289 fine
1492 3204 1702 3287 infigni
1734 3206 1850 3265 de·-

204 3296 414 3356 decore
433 3295 707 3377 parentis
733 3314 804 3356 ac
812 3290 1100 3378 familia·-
1152 3295 1377 3359 Fateor
1398 3293 1555 3383 istud
1576 3291 1808 3376 quidem
1825 3308 1850 3355 .·

1309 3379 1373 3444 Ν
1421 3376 1490 3467 ii,
