2269 3773
481 188 657 272 Lib.
720 184 839 274 ῙῙ.
900 187 1251 301 Epistola
1301 182 1382 275 I.
1546 195 1746 304 '495

100 324 319 389 animo
405 322 667 386 tulerunt
707 344 731 403 ‚·
789 319 993 406 quibus
1042 317 1176 385 vero
1223 341 1570 402 pepercerat
1628 325 1759 386 hoec

102 413 312 478 rabies
354 408 413 474 δ’
460 411 848 474 maledicendi
894 411 1139 474 licentia
1166 457 1188 490 ,
1238 410 1331 471 illi
1380 413 1760 474 nihilominus

105 502 417 564 communi
474 502 733 562 omnium
783 498 1052 579 periculo
1115 501 1442 579 commoti,
1497 500 1763 581 publica!

109 586 549 670 consulendum·
584 586 772 669 causoe
807 584 1107 672 famoeque
1148 607 1523 679 putaverunt.
1565 591 1770 674 Igitur

113 698 369 748 cautum,
383 677 507 763 lege
534 676 670 760 fuit
683 726 705 757 ,
735 679 1050 764 constitutd
1079 678 1250 762 gravi
1284 678 1471 761 paend
1490 726 1512 757 ,
1539 698 1609 739 ne
1635 677 1765 763 quis

58 819 68 826 .
118 787 367 831 carmen
410 763 716 849 famosum
773 761 831 827 f?
892 764 1240 828 maledicum
1290 767 1355 828 in
1421 785 1767 851 quemquam

67 900 83 917 .
101 854 423 940 scriberet.
472 858 689 920 Poe-‘ta
714 901 736 934 ,
792 873 949 917 metu
989 874 1191 936 poenae
1238 851 1419 917 coac7i
1473 872 1770 917 mutavere

104 943 423 1029 scribendi
481 945 769 1005 rationem
825 945 910 1005 ad
959 942 1228 1005 meliores
1273 939 1770 1029 jucundiorefijue

123 1029 330 1114 versus
372 1027 685 1112 faciendos
734 1049 972 1110 operam
1017 1033 1314 1115 otiumque
1370 1032 1766 1096 contulerunt.

124 1120 523 1205 Postmodum
559 1118 850 1204 elegantia
876 1118 934 1184 δι’
960 1121 1327 1187 concinnitas
1366 1123 1643 1184 carminis
1672 1141 1774 1183 ar-

128 1212 402 1294 tiumque
445 1225 766 1271 ceterarum
810 1209 871 1270 in
896 1208 1142 1271 Italiam
1165 1209 1338 1271 illata
1365 1206 1498 1291 suit
1525 1206 1562 1273 ὰ
1605 1212 1776 1277 Groe·

127 1298 221 1360 cis
243 1342 263 1375 ,
317 1297 419 1380 qui
446 1291 482 1356 ὰ
509 1297 807 1379 Romanis
839 1294 970 1359 vic‘li
994 1345 1016 1378 ,
1043 1294 1278 1359 vic‘lores
1308 1294 1453 1379 suos
1486 1301 1776 1382 quodam·-

127 1386 316 1448 modo
361 1386 665 1465 vicerunt,
696 1405 766 1448 ac
803 1404 1001 1447 eorum
1039 1384 1365 1451 barbariem
1393 1384 1777 1470 &inscitiam

131 1491 573 1556 expugnarunt.
624 1475 728 1538 Ita
764 1474 1058 1554 paulatim
1109 1475 1389 1560 obsolevit
1427 1476 1619 1562 pok'fis
1666 1474 1778 1539 illa

130 1560 368 1625 inculta
410 1580 428 1624 .·
472 1564 778 1626 amandati
809 1559 984 1644 fuere
1026 1560 1217 1646 versus
1234 1586 1305 1627 ac
1329 1567 1552 1627 numeri
1579 1561 1781 1652 agrest-

134 1670 232 1714 tes
286 1646 345 1711 G‘
384 1648 607 1732 hispidi
639 1700 661 1731 ‚
712 1652 813 1735 qui
859 1672 1137 1738 regnante
1177 1653 1320 1715 olim
1362 1656 1624 1718 Saturno
1643 1654 1782 1739 flo-

136 1756 435 1820 ruerant,
481 1736 932 1826 &inquinatam
981 1741 1255 1824 loquendi
1290 1743 1578 1806 rationem
1619 1746 1788 1806 nitor

139 1824 208 1892 δ’
248 1825 541 1913 elegantia
587 1828 954 1912 expulerunt.
989 1833 1121 1895 Diu
1160 1849 1354 1896 tamen
1396 1832 1558 1895 illius
1585 1832 1787 1918 rustici

138 1915 208 1980 δ’
244 1920 524 2003 invenusti
546 1915 838 2000 sermonis
883 1917 1205 2003 remansere
1253 1921 1495 2008 vestigia
1519 1940 1537 1984 .·
1562 1916 1681 1983 imo
1718 1924 1785 1983 in

135 2004 501 2090 nuncusque
528 2008 679 2069 diem
726 2005 1002 2095 impreffa
1045 2009 1293 2072 haerent.
1337 2009 1606 2073 Romani
1629 2010 1787 2071 enim

139 2090 321 2159 tarde
365 2097 676 2158 admodum
719 2093 1060 2181 adjecerunt
1102 2096 1300 2160 oculos
1350 2099 1431 2160 ad
1475 2097 1789 2161 evolvenda

143 2183 503 2250 Graecorum
555 2182 847 2248 auc-Torum
907 2187 1224 2250 volumina.
1291 2189 1522 2269 Nempe
1570 2181 1704 2249 cum
1745 2182 1785 2250 ὰ

140 2274 406 2340 Punicis
455 2271 618 2335 bellis
669 2270 801 2355 jam
865 2273 1221 2358 respirarent
1248 2322 1270 2355 ,
1326 2294 1627 2357 ca’perunt
1669 2296 1787 2338 ex·-

140 2364 383 2448 quirere
405 2359 463 2424 6ae
487 2362 827 2449 investigare
867 2385 1225 2449 quaecunque
1262 2359 1440 2449 effent
1463 2366 1525 2427 in
1556 2364 1790 2445 Sopho-

144 2451 263 2513 clis
286 2497 306 2529 ,
374 2448 684 2535 leespidis
706 2499 724 2530 ,
771 2448 829 2514 δ’
882 2452 1173 2539 AEschyli
1214 2455 1513 2538 tragoediis
1557 2451 1794 2531 utiliter

145 2542 566 2624 commodeque
599 2536 768 2603 dic‘la.
803 2543 1151 2606 Periclitati
1189 2545 1369 2606 etiam
1402 2540 1589 2626 sunt,
1619 2565 1696 2606 an
1718 2563 1792 2605 ea
1824 2619 1828 2623 ,

147 2631 222 2693 in
258 2630 543 2692 Latinum
577 2625 910 2711 sermonem
953 2650 1284 2694 convertere
1329 2652 1458 2695 cum
1498 2632 1791 2716 dignitate

141 2714 389 2803 postent
424 2739 439 2782 .·
485 2738 665 2801 neque
715 2714 1017 2799 displicuit
1061 2739 1305 2782 conatus
1336 2767 1356 2798 ‚
1400 2719 1624 2803 fibique
1685 2719 1796 2804 vifi

139 2803 297 2890 fimt
328 2803 545 2890 satis)
570 2804 871 2888 fintentia
908 2829 1027 2871 rem
1051 2829 1286 2895 gerere,
1315 2810 1525 2890 quippe
1547 2804 1796 2887 sublimi

157 2893 222 2957 fi
273 2899 399 2958 acri
447 2896 679 2981 ingenio
727 2898 979 2977 praediti
1003 2945 1024 2975 ,
1076 2898 1321 2959 audaces
1369 2896 1431 2956 in
1483 2893 1793 2976 scribendo

159 2981 224 3047 ἃ
262 2982 516 3066 felices,
562 3005 635 3068 ac
674 2987 898 3070 tragico
943 2984 1047 3047 illo
1082 2985 1306 3068 spiritu
1332 3005 1446 3045 non
1484 3001 1742 3045 carentes
1768 2999 1793 3049 .·

96 3085 107 3094 ’
139 3071 269 3158 sed
296 3078 464 3158 piget
507 3072 639 3157 illos
680 3077 970 3155 pudetque
993 3073 1420 3137 lucubrationes
1438 3068 1580 3152 suas
1604 3092 1797 3134 emen-

159 3164 357 3242 dare,
411 3179 514 3223 aut
558 3165 857 3244 quidpiam
898 3183 1093 3225 eorum
1142 3182 1274 3234 auae
1313 3157 1505 3242 semel
1534 3157 1795 3244 scripse-

158 3252 294 3317 rint
317 3297 340 3332 ,
385 3251 656 3314 inducere
686 3272 768 3314 -ac
814 3251 1024 3315 delere.
1059 3253 1462 3345 Existimatur
1507 3249 1795 3326 como-”dia
