2269 3773
599 116 774 207 Lib
837 121 954 206 II.
1013 118 1283 205 Satira
1341 113 1411 205 Ῐ.
1680 149 1843 238 353

238 254 328 316 uti
371 275 438 317 ne
473 250 671 337 faciat
721 273 975 334 moneo,
1024 252 1292 333 dolebit,
1327 250 1385 315 θ’
1417 249 1601 335 s'oedis
1638 256 1855 340 inustus

238 345 396 407 notis
447 344 799 406 cantilenam
846 346 916 404 de
966 339 1036 422 se
1088 344 1221 406 totc‘i
1262 340 1661 427 spargendam
1717 344 1856 407 urbe

230 429 775 511 ·audiet.Cer=1us,
800 432 856 517 fi
894 444 1061 516 quem
1101 427 1303 512 ulcisci
1329 450 1559 513 parat,
1599 431 1693 494 illi
1738 434 1857 493 mi-

237 524 467 583 nitatur
493 518 893 601 fivwitatem
913 519 1102 621 legum
1129 541 1199 581 ac
1231 515 1638 621 Judiciorum:
1674 522 1868 585 Cani·-

240 609 388 671 dia:
418 609 662 673 Albucii
684 608 826 692 filia
850 658 872 690 ,
893 605 1026 690 suis
1069 608 1367 689 inimicis,
1414 610 1617 671 ueneni
1638 627 1857 673 metum

240 698 507 759 incutit:
565 697 779 760 Turius
808 716 984 783 grave
1023 696 1269 782 aliquod
1290 694 1680 779 infortunium
1695 719 1856 780 pro-

151 812 155 816 ·
224 783 440 865 fitetur
483 806 553 847 ac
599 788 912 848 denunciat
955 787 1076 865 iis,
1127 786 1231 869 qui
1266 785 1429 847 litem
1473 782 1600 868 ipso
1645 783 1857 870 judice

237 875 624 937 dirimendam
664 875 991 937 habuerint.
1019 876 1122 937 Ita
1147 870 1427 960 quisque
1405 876 1479 935 iis
1499 873 1663 936 rebus
1684 894 1859 959 atque

241 964 420 1023 armis
459 961 661 1049 quibus
683 961 919 1043 pollet,
970 983 1065 1023 eos
1098 960 1299 1045 quibus
1335 959 1406 1042 se
1445 959 1694 1043 imisum
1742 958 1858 1044 effe

224 1047 413 1131 sentit
449 1094 468 1122 ‚
532 1068 637 1112 aut
679 1052 831 1112 unde
865 1052 1074 1112 metuit
1099 1096 1121 1128 ,
1177 1047 1648 1132 perterrefacit:
1683 1052 1861 1135 idque

237 1158 454 1200 arcano
492 1139 744 1222 quodam
783 1138 955 1220 ipsius
988 1140 1249 1201 Natura»
1284 1134 1743 1221 instinc-Tufieri,
1768 1138 1866 1200 vel

238 1244 312 1286 ex
359 1248 426 1287 eo
463 1224 719 1309 intelligi
751 1226 979 1310 potest,
1032 1220 1192 1308 quod
1219 1222 1344 1305 lupi
1391 1224 1652 1286 dentibus
1687 1225 1860 1307 seri-

235 1329 348 1373 unt
414 1334 486 1374 ac
529 1311 892 1391 vulnerant‚·
947 1313 1105 1375 tauri
1155 1310 1480 1374 cornibus:
1529 1314 1683 1373 unde
1748 1313 1860 1376 lzoc
1955 1347 1966 1357 -

1947 139 1961 164 Ι

232 1418 432 1461 autem
459 1402 826 1477 didicerunt,
854 1400 967 1485 nisi
939 1401 1155 1463 zsNati
1142 1399 1229 1460 νά
1249 1399 1526 1483 magistra*
1550 1393 1861 1481 ffScaevoe,
1936 1413 1944 1436 ‘·

219 1490 456 1571 perditi
511 1487 889 1571 adolefientis
931 1484 989 1549 δ’
1031 1487 1331 1571 lididinofi
1350 1532 1373 1564 ,
1424 1504 1671 1548 matrem
1718 1487 1864 1550 lon-

229 1597 462 1661 goevam
486 1577 659 1661 tpfius
679 1576 923 1641 arbitrio
947 1578 1267 1638 necandam
1294 1572 1353 1637 ἃ
1365 1575 1646 1658 potestati
1666 1579 1862 1642 trade:

237 1666 511 1726 maternci
555 1667 717 1727 coede
760 1684 961 1727 manus
1026 1668 1259 1750 quidem
1316 1661 1620 1747 abstinebit
1639 1712 1665 1743 ,
1717 1668 1863 1747 pius

233 1754 515 1814 nimirum
561 1747 932 1816 abhorrens
899 1776 938 1814 a
987 1753 1371 1831 crudelitate,
1408 1751 1598 1834 filius.
1638 1754 1858 1816 Mira-

236 1842 320 1902 ris
362 1860 381 1904 .·
433 1844 653 1905 atenim
698 1840 822 1926 lupi
867 1840 1118 1905 calcibus
1169 1861 1290 1906 non
1330 1837 1567 1922 feriunt
1592 1879 1615 1920 ‚-
1675 1861 1860 1927 neque

235 1929 503 1993 dentibus
543 1933 722 1996 tauri.
758 1932 923 2014 Quid
939 1929 1056 2012 fiet
1092 1931 1312 2017 igitur.
1296 1923 1333 1991 ?
1353 1927 1603 1990 vetulam
1635 1945 1860 2007 paren-

233 2033 354 2078 tem
407 2013 645 2102 juvenis
709 2017 1002 2103 improbus
1058 2017 1271 2081 leniter
1313 2016 1617 2102 extinguet
1647 2017 1860 2097 poculo

234 2125 518 2169 venenato
545 2108 661 2188 ,in
688 2130 800 2192 quo
826 2109 1038 2170 cicutoe
1053 2104 1298 2189 succum
1337 2103 1499 2165 melli
1538 2100 1859 2184 miseuerit.

237 2195 408 2275 Quid
446 2195 633 2258 multa
658 2242 680 2274 ,
710 2194 818 2279 seu
859 2197 1043 2257 vitam
1073 2197 1157 2257 ad
1198 2213 1383 2256 annos
1416 2191 1720 2274 placidam
1753 2191 1863 2274 us-

235 2301 349 2366 que
373 2281 724 2363 jeneilutem
752 2282 1137 2368 prorogabo,
1180 2280 1289 2366 fleu
1335 2281 1485 2343 milti
1520 2283 1655 2342 dira
1696 2301 1858 2345 mort

212 2372 508 2434 ·imminet
559 2393 632 2433 ac
695 2392 788 2434 me
840 2370 1042 2454 furvis
1087 2371 1203 2434 alis
1267 2369 1512 2432 ambit·
1555 2369 1855 2453 locupleS,

234 2477 453 2544 egen53
495 2461 767 2540 Romoe,
811 2479 955 2540 aut,
996 2459 1054 2544 fi
1031 2458 1335 2542 szrtuna
1365 2457 1423 2542 s
1400 2477 1456 2519 c
1502 2456 1752 2538 tulerit,
1760 2461 1857 2522 in

231 2546 464 2628 exilio,
516 2569 890 2650 quaecumque
929 2567 1079 2618 meae
1131 2552 1359 2612 demum
1403 2548 1545 2610 vitoe
1568 2543 1746 2628 fin,
1798 2544 1859 2610 δ’

231 2635 398 2719 quasi
454 2636 621 2698 color
664 2638 817 2716 erit,
860 2637 1098 2701 Satiras
1138 2633 1418 2718 scribam.
1478 2636 1535 2698 Ο
1571 2634 1860 2737 cariffimc

233 2725 463 2787 Horati
487 2770 510 2803 ,
561 2745 769 2787 vereor
808 2725 1122 2788 admodum
1187 2747 1282 2789 ne
1307 2725 1409 2786 diu
1474 2743 1592 2786 non
1652 2725 1852 2803 νίικιις,

231 2831 374 2873 neve
437 2814 565 2895 quis
610 2815 772 2896 apud
801 2815 1101 2898 principes
1156 2815 1415 2883 civitatis
1453 2808 1747 2898 gratiosus
1795 2830 1857 2874 te

232 2897 396 2965 brevi
423 2904 494 2963 de
538 2904 733 2966 medio
761 2901 1159 3006 tollat.Qu1d
1193 2899 1326 2964 citm
1338 2901 1568 2984 primus
1587 2901 1857 2962 omnium

231 2989 500 3054 Lucilius
520 2993 609 3099 est
643 2988 816 3074 ausus
855 2992 1007 3055 hunc
1043 2993 1105 3053 in
1139 2993 1370 3054 modum
1410 2990 1645 3052 Satiras
1679 3008 1853 3050 com-

216 3098 493 3160 ponere;
519 3100 656 3142 cum
694 3099 812 3163 non
843 3079 1136 3143 dubitavit
1170 3077 1449 3160 improbis
1478 3079 1699 3158 eripere
1730 3075 1851 3137 lar·

122 3252 125 3255 .
227 3187 331 3228 vas
357 3168 493 3230 illas
545 3164 606 3235 θ’
647 3169 1046 3258 integumenta
1068 3215 1090 3251 ,
1122 3169 1327 3255 quibus
1370 3167 1564 3230 induti
1588 3164 1850 3250 speciem
