2269 3773
540 223 875 333 Epodotz
940 221 1111 305 Ode
1171 221 1432 306 XIV‘.
1594 254 1788 339 ‘249

160 364 289 428 bem
323 362 527 448 Jbbole
570 385 781 449 augeas
804 414 824 445 ,
877 361 936 426 ἐξ)
970 358 1292 445 fhrtuuata
1342 360 1454 447 effe
1491 363 1634 426 velis
1672 371 1796 427 Se-

160 474 336 516 natus
388 455 620 516 decreta
687 456 757 515 de
800 453 1073 535 fleminis
1130 455 1196 514 in
1248 456 1630 515 matrimonio
1684 460 1796 517 rite

163 541 573 621 collocandis,
624 562 693 602 ac
737 545 807 602 de
854 542 979 626 lege
1021 542 1331 619 maritali,
1379 562 1513 624 quae
1537 589 1558 620 ,
1596 542 1654 624 si
1679 546 1794 603 vim

162 628 452 693 obtinebit
461 628 633 711 suam
658 676 680 707 ,
732 627 1035 710 numerosa
1051 629 1223 709 prole
1247 629 1523 712 familias
1555 629 1745 693 beabit
1772 649 1796 706 ς

164 735 232 778 ut
276 738 497 780 certum
535 720 814 799 temporis
844 716 1109 798 spatium
1137 764 1157 795 ,
1197 737 1478 803 tanquam
1506 721 1573 780 iu
1597 719 1795 781 orbem

150 824 275 887 per
319 827 500 869 anuos
544 809 731 869 decies
752 807 1018 868 undecim
1051 825 1344 869 recurrens
1370 853 1391 884 ,
1448 827 1653 868 cantus
1684 808 1793 867 lu·-

164 890 382 975 dofiJue
430 897 564 979 istos
604 896 840 956 reducat
864 940 882 973 ,
927 914 1069 978 quos
1104 896 1300 956 triduo
1347 915 1470 958 toto
1497 894 1794 979 frequen-

166 1000 360 1043 tamus
384 1030 407 1062 ,
453 1004 523 1045 ac
566 985 659 1044 die
695 980 970 1066 uoc‘luque
1010 982 1377 1046 celebramus.
1433 983 1704 1068 Vosque,
1754 986 1789 1047 ὂ

163 1072 391 1132 Parca?
415 1117 437 1148 ,
487 1092 621 1153 quse
647 1091 783 1132 vera
808 1069 1046 1153 fiemper
1068 1073 1333 1148 canitis,
1387 1075 1530 1133 adeo
1574 1093 1791 1135 utnon

153 1157 238 1242 fit
282 1157 598 1220 revocabile
623 1206 644 1237 ,
690 1179 874 1241 neque
918 1159 1097 1219 aliter
1114 1159 1260 1240 fieri
1294 1159 1475 1243 poffit
1517 1162 1799 1242 quicquid

152 1243 348 1327 semel
386 1242 422 1308 ὰ
449 1245 605 1309 vobis
640 1244 851 1308 dic‘lum
896 1248 1374 1331 constitutumque
1412 1248 1492 1330 est
1513 1295 1535 1326 ,
1573 1247 1688 1329 sed
1717 1253 1800 1310 ad

164 1352 296 1393 eum
308 1332 579 1415 semper,
609 1354 776 1418 quem
804 1333 965 1395 rebus
986 1334 1121 1417 ipfis
1139 1335 1538 1420 proestituistis
1554 1381 1577 1413 ,
1602 1337 1793 1417 finem
1879 1327 1890 1343 ⁸

166 1423 593 1504 terminumque
604 1425 913 1503 perveniat
931 1445 956 1501 ;
990 1425 1324 1501 praeterita?
1349 1421 1644 1503 felicitati
1668 1421 1793 1503 fii·

164 1528 361 1572 turam
388 1557 409 1588 ,
455 1506 525 1571 ‘G’
537 1506 835 1590 prosperis
862 1509 1017 1592 fatis
1047 1557 1068 1587 ‚
1114 1530 1248 1593 quoe
1271 1508 1535 1572 lzac‘lenus
1557 1509 1796 1591 largita?

164 1598 302 1681 estis
351 1597 487 1659 huic
533 1599 793 1679 Imperio
823 1645 843 1675 ,
882 1597 1105 1681 fimilia
1146 1601 1208 1659 iu
1236 1600 1531 1684 posterum
1571 1602 1791 1667 addite.

162 1685 444 1750 Abundet
468 1683 636 1747 tellus
662 1682 937 1769 frugibus
968 1683 1024 1747 δ’
1048 1705 1265 1766 pecore
1286 1710 1311 1765 ;
1357 1685 1606 1749 abundet
1637 1684 1796 1769 mes-

152 1772 312 1858 sibus
340 1821 361 1851 ,
428 1775 578 1834 unde
630 1774 891 1835 Cererem
952 1774 1172 1835 coroud
1220 1769 1250 1835 ὲ
1284 1771 1472 1855 spicis
1529 1774 1791 1856 confec&

166 1881 545 1926 muneremur.
596 1862 900 1931 Pecudum
938 1861 1204 1925 alumnos
1247 1864 1373 1924 alat
1397 1910 1418 1941 ,
1462 1861 1645 1946 itfyue
1687 1867 1793 1925 in-

166 1953 574 2013 columitatem
594 1951 838 2035 proestet
876 1971 1159 2034 aquarum
1191 1951 1434 2032 coelique
1447 1950 1788 2031 salubritas·

174 2039 228 2097 0
272 2038 496 2122 Apollo
524 2085 546 2116 ,
588 2058 908 2119 puerorum
967 2039 1067 2122 qui
1118 2037 1229 2100 tibi
1256 2035 1603 2119 supplicant
1635 2059 1791 2119 pre-

135 2125 326 2199 “cibus
374 2147 570 2188 aurem
646 2129 1024 2211 accommoda
1050 2172 1071 2206 ‚
1126 2122 1185 2186 fe
1234 2123 1489 2211 sagittas
1538 2144 1667 2188 tuas
1711 2125 1795 2190 Ie-

233 2357 315 2390 21.
361 2340 583 2391 Undenos
632 2342 783 2391 decies
843 2357 1017 2390 annos.
1066 2340 1187 2388 Iudi
1237 2340 1504 2402 seculares,
1551 2356 1653 2389 non
1699 2341 1798 2404 post

163 2407 485 2458 centefimum
517 2423 753 2467 quemque
780 2422 962 2455 annum
984 2441 998 2467 ,
1034 2406 1113 2452 sed
1160 2405 1261 2466 post
1296 2406 1611 2454 centesimum
1655 2408 1797 2454 deci-

158 2490 303 2522 mum
337 2473 726 2522 celebrabantur.
768 2472 925 2520 Primi
966 2470 1103 2520 enim
1146 2470 1267 2517 editi
1304 2469 1419 2519 sunt
1459 2486 1593 2518 anno
1635 2479 1698 2521 U.
1739 2477 1798 2522 C.

161 2537 283 2597 298.
318 2537 527 2585 Secundi
551 2573 567 2600 ,
603 2536 717 2595 408.
756 2536 953 2596 Tertii,
1000 2549 1111 2600 517.
1157 2535 1374 2598 Quarti,
1418 2535 1535 2585 626.
1576 2535 1659 2585 Isti
1706 2538 1796 2587 de-

90 2640 95 2647 .
165 2619 306 2651 mum
325 2639 342 2663 ‚
371 2616 485 2665 737.

233 2683 316 2730 17.
344 2665 536 2715 Servat.
572 2665 799 2726 Plerique
833 2665 1027 2713 codices
1069 2665 1250 2712 habent
1284 2664 1442 2726 fier-ret
1486 2679 1501 2709 .·
1547 2666 1673 2726 quast
1708 2684 1801 2716 vox

162 2748 220 2782 ea
253 2734 499 2794 precantis
539 2731 615 2779 fit.
651 2732 853 2779 Utinam
888 2743 1174 2791 perpetuum
1205 2729 1262 2776 fit
1310 2737 1588 2779 Romanum
1629 2737 1797 2793 Impe-

93 2809 97 2813 “
160 2799 330 2860 rium,
361 2798 434 2845 uti
464 2795 711 2844 cecinistis
732 2831 748 2857 ,
775 2797 805 2842 ὁ
848 2802 1037 2854 Parcae,
1084 2792 1141 2842 &
1176 2793 1401 2842 constans
1435 2797 1493 2842 ad
1529 2810 1793 2845 extremum

161 2863 315 2921 usque
344 2862 614 2910 terminum
635 2860 691 2909 ὅτ
716 2860 887 2908 mundi
914 2859 1063 2906 finem
1093 2857 1308 2905 felicitas
1345 2860 1568 2908 eumdem
1593 2861 1797 2919 ImperIi
1840 2868 1847 2871 “

159 2927 360 2976 cursum
393 2942 446 2973 ae
482 2924 651 2975 statum
686 2925 965 2973 conservet.
995 2922 1158 2972 Potest
1191 2923 1337 2970 etiam
1360 2939 1415 2971 ea
1449 2941 1543 2972 vox
1567 2928 1799 2974 terminas

160 3008 221 3042 ex
262 2990 401 3040 licari
426 2992 485 3038 de
506 2997 613 3038 Deo
652 2990 858 3050 quodam
896 2988 980 3048 qui
1032 2983 1286 3036 Terminus
1321 2992 1616 3050 vecabatur,
1655 2991 1799 3052 cujus

157 3072 190 3106 e
247 3056 354 3120 gies
401 3057 455 3103 in
496 3054 732 3116 Capitolii
791 3053 1128 3101 fundamentis
1154 3066 1400 3115 seperta,
1445 3054 1557 3100 loco
1607 3055 1797 3102 moveri

158 3137 270 3171 non
305 3120 502 3182 potuit,
544 3120 674 3167 unde
715 3118 1087 3181 perpetuitatem
1126 3115 1183 3165 ὅζ
1220 3119 1798 3166 ἕετεῐηίῑεῑειηῐὶοηιευί

154 3186 371 3247 Imperii
418 3190 565 3232 Vates
599 3183 816 3248 augurati
847 3196 1016 3241 erant,
1040 3197 1182 3242 quam
1216 3180 1343 3229 forte
1381 3184 1444 3230 ob
1487 3181 1676 3229 causam
1712 3198 1793 3243 ap-

158 3250 377 3314 pessatur
413 3247 572 3296 hieab
598 3247 800 3296 Horatio
810 3243 1009 3310 stabilis
1042 3264 1192 3296 rerum
1222 3245 1476 3295 Terminus
1513 3246 1631 3307 :qui
1655 3260 1797 3296 nem·

159 3331 228 3379 pe
264 3330 346 3365 tes
380 3313 586 3378 Imperii
633 3313 850 3366 Romani
873 3311 1066 3363 flabiles
1092 3311 1235 3361 facit.

1285 3373 1431 3443 Lv
