2269 3773
490 142 662 252 484
862 137 1183 223 Horatii
1239 137 1319 219 E
1305 136 1765 248 pistolarum

578 274 799 331 Plautus
836 271 903 329 ad
936 272 1207 342 exemplar
1236 271 1402 329 Siculi
1432 293 1718 343 properare
1749 270 2084 342 Epicharmi3

579 344 812 401 Vincere
844 343 1091 402 Caecilius
1121 345 1422 416 gravitate,
1458 345 1751 403 Terentius
1773 364 1906 405 arte.

477 425 576 477 ⁴60.
591 418 708 473 Hos
736 415 947 488 ediscit,
984 426 1039 474 δι
1074 414 1176 473 hos
1198 418 1349 473 ard'to
1376 417 1567 487 stipata
1600 415 1813 475 theatro

580 492 800 559 δρςίὶαῑ·
818 489 994 543 Roma
1005 506 1196 559 potens
1209 510 1222 544 :
1236 486 1400 544 habet
1414 488 1536 562 hos,
1557 505 1916 560 numeratque
1938 493 2116 560 poetas

583 560 675 619 Ad
716 562 955 617 nostrum
987 580 1201 630 tempus
1223 604 1240 633 ‚
1280 558 1404 619 Livi
1438 560 1706 632 scriptoris
1738 561 1806 616 ab
1843 581 1981 621 aev0.

581 632 858 691 Interdum
895 634 1096 705 vulgus
1132 634 1344 689 reditum
1382 632 1566 703 videt,
1601 635 1681 689 est
1712 631 1807 690 ubi
1849 652 2050 702 peccat.

580 705 639 761 δί
673 724 879 763 veteres
904 704 980 761 ita
1018 705 1273 774 miratur,
1312 704 1600 776 laudatque
1636 708 1861 778 poeta,

478 778 673 850 35.L7t
701 775 843 850 nihil
872 776 1173 849 anteferat,
1210 775 1344 832 nihil
1381 776 1485 833 illis
1522 795 1832 846 comparet3
1868 794 2025 838 errat.

576 849 639 908 Si
678 848 925 920 quaedam
960 848 1117 905 nimis
1153 846 1406 919 antique,
1437 847 1475 904 fi
1505 850 1763 919 pleraque
1795 847 1931 906 dure

580 921 776 978 Dicere
817 920 959 977 cedit
999 941 1120 992 ως,
1150 919 1345 992 ignave
1380 922 1555 977 multa
1577 965 1595 991 ‚
1637 920 1872 983 fatetur3

576 992 654 1049 Et
698 993 833 1064 sapit
861 1037 879 1063 ‚
901 999 956 1049 &
994 1011 1213 1049 mecum
1249 991 1412 1061 facit,
1436 999 1490 1049 &
1524 992 1659 1050 Jove
1683 992 1892 1062 judicat
1916 1010 2087 1061 aequo.

579 1064 710 1123 Non
748 1064 996 1136 equidem
1036 1063 1297 1135 infestor,
1331 1061 1661 1136 delendaque
1697 1064 1936 1121 carmina
1972 1058 2088 1120 Livi

478 1136 711 1211 70.E1se
745 1158 902 1211 reor,
943 1135 1165 1196 memini
1197 1156 1315 1208 quae
1351 1136 1640 1208 plagosum
1675 1136 1816 1195 mihi
1851 1143 2019 1207 parvo

554 1320 634 1384 58.
668 1318 902 1370 Plautus.
932 1328 1128 1378 Marcus
1163 1319 1331 1368 Anius
1358 1320 1596 1384 Plautus,
1622 1336 1768 1370 natus
1794 1322 1853 1370 in
1888 1323 2114 1385 Umbria,

482 1404 587 1452 quae
625 1387 766 1451 regio
799 1387 957 1437 Italiae
985 1406 999 1435 ε
1024 1386 1155 1434 obiit
1185 1402 1320 1433 anno
1356 1392 1421 1435 U.
1464 1391 1522 1433 C-
1573 1388 1977 1452 quingentesimo
2005 1388 2111 1450 sep-

475 1452 777 1516 tuagesimo,
802 1452 889 1512 qui
919 1452 1016 1500 fuit
1060 1452 1234 1499 mundi
1257 1466 1332 1500 ter
1356 1450 1645 1500 millesimus
1687 1453 2114 1517 ofiingentefimur

476 1516 881 1580 septuagesimus.
924 1516 1131 1579 copiosa
1159 1517 1216 1564 in
1250 1533 1310 1564 eo
1343 1517 1617 1577 Latinitas,
1661 1517 1718 1567 δε
1747 1518 1898 1567 musta
1936 1519 2046 1581 ipsis
2078 1517 2108 1565 fi

482 1581 640 1631 latine
660 1582 1009 1642 loquerentur,
1035 1598 1144 1631 non
1161 1581 1399 1647 indigna,
1421 1582 1539 1631 teste
1562 1590 1787 1632 Varrone
1812 1597 1826 1626 ε
1853 1583 1956 1645 joci
1977 1583 2107 1631 multi

486 1645 548 1697 &
576 1646 860 1694 illiberales
878 1683 893 1708 ,
926 1647 1047 1695 felix
1084 1647 1281 1696 audacia
1302 1684 1318 1708 ,
1353 1647 1477 1695 mira
1503 1649 1563 1696 in
1589 1648 1909 1698 inveniendo
1943 1648 2112 1714 sagaci-

485 1726 598 1761 tas:
625 1711 892 1761 obsoenitas
930 1713 1181 1772 interdum
1223 1712 1514 1763 tabernaria.

555 1774 844 1841 Properare.
893 1777 1095 1827 Laudari
1138 1779 1367 1828 Plautum
1410 1779 1644 1828 Horatius
1682 1779 1809 1828 dicit
1831 1814 1849 1842 ,
1896 1780 2024 1840 quod
2058 1776 2108 1826 ad

486 1858 723 1893 eventum
758 1842 936 1892 fabulae
959 1844 1149 1905 semper
1169 1842 1368 1893 festinet
1388 1878 1403 1902 ,
1426 1860 1520 1893 nec
1543 1844 1838 1894 diverticula
1860 1881 1877 1907 ‚
1897 1860 1953 1893 ut
1976 1842 2108 1893 multi

488 1909 710 1959 faaitant
736 1913 889 1972 poe‘tae
908 1946 923 1971 ,
959 1925 1160 1971 quaerat.
1184 1915 1343 1970 Quam
1374 1908 1569 1958 laudem
1600 1910 1686 1959 etfi
1725 1912 1842 1959 vere
1866 1911 1947 1961 illi
1968 1907 2109 1960 tribui

485 1976 761 2038 concedat;
803 1976 974 2024 innuit
995 1989 1160 2024 tamen
1195 1974 1385 2038 postea,
1423 1974 1480 2025 &
1504 1976 1561 2024 in
1583 1981 1703 2025 Arte
1724 1978 1925 2025 Poe'tica
1963 1977 2107 2039 palhm

490 2041 702 2089 declarat
720 2076 734 2102 ,
756 2044 815 2088 ab
837 2041 1007 2090 eodem
1036 2041 1192 2088 multa
1217 2040 1430 2105 graviter
1465 2042 1658 2103 peccari
1682 2076 1697 2102 ‚
1718 2044 1850 2102 quod
1886 2041 1963 2091 illi
1990 2055 2110 2090 vete-

487 2122 599 2154 rum
627 2122 863 2155 amatores
896 2104 1108 2153 minime
1138 2106 1438 2155 fatebantur.
1466 2113 1584 2157 Non
1606 2107 1676 2155 est
1696 2106 1860 2171 igitur
1887 2124 1973 2156 cur
2005 2107 2108 2156 istor

490 2172 663 2220 versus
698 2169 983 2236 affingamus
1018 2170 1237 2234 cuipiam
1273 2171 1544 2221 adversario
1565 2207 1582 2232 ,
1607 2171 1668 2222 &
1692 2172 2002 2233 antiquitatis
2019 2174 2110 2220 lau-

490 2237 650 2285 datori
670 2272 690 2299 ‚t
716 2253 865 2299 quem
890 2236 1120 2285 Horatius
1150 2237 1438 2296 loquentem
1458 2237 1679 2288 inducat.
1700 2242 1819 2287 Non
1839 2238 2007 2288 desunt
2028 2237 2104 2298 qui

485 2321 750 2366 properare
798 2302 1048 2366 explicent
1070 2338 1087 2365 ,
1143 2301 1463 2366 negligenter
1500 2302 1712 2351 scribere
1740 2337 1758 2365 ,
1804 2304 2109 2369 deproperare

486 2384 709 2418 carmen.
1137 2411 1142 2414 .

562 2433 870 2497 Epicharmi.
890 2436 1051 2483 Poe‘tae
1067 2432 1227 2483 Graeci
1246 2469 1261 2495 ‚
1289 2432 1595 2498 Syracusani.
1615 2433 1820 2483 Floruit
1834 2436 2108 2500 Pythagora

496 2515 553 2548 ac
592 2502 751 2549 Servii
791 2499 948 2549 Tullii
981 2507 1318 2549 Romanorum
1351 2500 1518 2564 regis,
1561 2500 1890 2562 temporibus.

569 2575 648 2626 59.
675 2563 920 2613 Catilius.
946 2570 1097 2614 Poe'ta
1121 2565 1340 2614 comicus
1355 2600 1369 2624 ,
1399 2564 1573 2613 itidem
1592 2580 1648 2614 ut
1668 2566 1952 2616 Terentius.
1966 2572 2109 2617 Uter-

499 2644 594 2689 que
633 2628 834 2677 florebat
857 2630 987 2679 circ'a
1028 2646 1214 2680 annum
1241 2633 1400 2681 ab·U.
1433 2635 1493 2679 C.
1533 2643 1646 2691 590.
1695 2632 1918 2680 Terentii
1967 2632 2106 2679 vitam

495 2691 648 2743 fufius
666 2695 949 2756 descriptam
984 2699 1130 2746 habes
1167 2691 1231 2745 in·
1251 2697 1343 2758 iis,
1364 2711 1480 2758 quas
1511 2696 1647 2745 edidi
1668 2696 1795 2746 haud
1813 2698 1882 2747 ita
1898 2697 2074 2760 pridem
2091 2729 2108 2758 ,

496 2758 605 2824 eius
640 2760 922 2809 comoediiS.

570 2825 847 2877 Gravitate.
882 2827 1108 2876 Pondere
1127 2826 1519 2876 sententiarum:
1549 2828 1812 2877 movendis
1854 2828 2108 2877 affeaibus.

568 2893 651 2942 62.
698 2891 835 2956 Livf.
868 2892 1040 2942 Livius
1077 2894 1430 2955 Andronicus,
1464 2893 1653 2955 primus
1690 2900 1864 2942 Romae
1904 2894 2111 2941 fabulam

500 2958 672 3006 docuit
688 2994 703 3018 ,
732 2959 784 3006 id
813 2958 908 3018 est,
936 2959 1205 3007 eomoedias
1248 2959 1469 3007 exhibuit
1485 2991 1503 3018 ,
1522 2974 1626 3006 uno
1648 2972 1906 3020 antequam
1930 2959 2114 3007 Ennius

502 3022 779 3071 nasceretur
796 3038 927 3071 anno
943 3060 958 3083 ‚
980 3024 1289 3087 Olympiadis
1312 3038 1424 3087 135.
1456 3017 1590 3072 atino
1613 3024 1776 3085 primo
1791 3061 1806 3086 ‚
1831 3026 1978 3074 Urbis
2001 3040 2114 3073 eon-

503 3087 619 3134 ditae
650 3102 759 3147 514.
780 3102 885 3155 non
903 3089 1019 3137 satis
1039 3091 1215 3153 dignas
1237 3125 1252 3149 ,
1271 3089 1304 3135 si
1325 3089 1491 3139 Tullio
1515 3090 1762 3139 credimus
1779 3126 1792 3150 ‚
1823 3107 1922 3151 qua:
1937 3092 2108 3139 iterum

443 3175 453 3196 ·
496 3152 805 3215 legerentur.
840 3154 1011 3211 Livius
1042 3156 1194 3206 diens
1220 3155 1285 3204 est
1325 3154 1352 3205 ὶι
1372 3154 1517 3206 Livio
1539 3154 1847 3218 Salinatore,
1886 3156 1971 3219 qui
2002 3170 2109 3206 eum

399 3225 411 3235 ·
496 3215 797 3270 manumifit·
