2269 3773
472 134 643 224 216
857 138 964 250 Q.
1026 132 1342 218 Horatii
1399 134 1693 222 Flacci.

877 274 1097 345 Regum
1141 274 1217 330 est
1251 272 1366 331 ulta
1401 270 1659 333 libidines.

460 409 469 422 .
567 348 771 407 Dicunt
804 346 861 405 in
901 363 1087 402 tenero
1125 344 1368 416 gramine
1404 343 1693 415 pinguium

474 419 835 481 10.Custodes
871 418 1057 477 ovium
1097 416 1330 474 carmina
1371 414 1571 485 fistulfl3

565 494 957 563 Deleaantque
978 488 1190 561 Deum,
1229 488 1315 547 cuj
1352 507 1509 557 pecus
1545 496 1599 546 &
1625 486 1768 561 nigri

635 595 638 604 ·
881 562 1067 620 Colles
1096 560 1338 618 Arcadiae
1378 566 1606 631 placent.

565 635 855 695 Adduxere
899 634 1039 691 fitim
1077 649 1361 702 tempora,
1400 631 1634 703 virgili:

564 708 670 765 Sed
705 706 935 778 prell'mn
985 702 1206 762 Calibus
1245 703 1433 761 ducere
1466 703 1728 763 Liberum

468 778 864 853 25.Si·gestis‚
901 780 1160 847 iuvenum
1192 774 1453 833 nobilium
1491 776 1687 851 clieuS,

877 849 1064 908 Nardo
1102 848 1226 907 vina
1261 847 1549 907 merebere.

510 935 513 940 ’
566 920 737 980 Nardi
776 942 969 993 parvus
1002 942 1152 1006 onyx
1194 919 1365 977 eliciet
1404 918 1595 977 cadum
1616 963 1636 990 ,

566 995 692 1083 Qui
721 1015 859 1052 nune
896 993 1142 1065 Sulpiclis
1179 992 1395 1049 accubat
1425 991 1629 1049 horreis
1650 1036 1667 1063 ,

568 1068 699 1139 §pes
728 1065 922 1125 donare
964 1085 1129 1124 novas
1171 1065 1387 1137 largus,
1433 1081 1718 1135 amaraque

455 1157 560 1206 ao.
864 1137 1136 1196 Curatum
1169 1137 1343 1194 eluere
1378 1136 1579 1193 efficax.

566 1210 817 1283 Adrquae
865 1209 904 1267 fi
938 1228 1191 1282 properas
1221 1206 1452 1281 gaudia,
1486 1226 1610 1265 cum
1646 1204 1739 1286 tua

566 1284 745 1341 Velox
786 1302 959 1339 merce
998 1281 1121 1338 veni
1163 1306 1180 1336 s
1216 1301 1323 1337 non
1361 1299 1468 1350 ego
1496 1299 1548 1337 te
1589 1297 1724 1335 mets

565 1357 872 1414 Immunem
911 1353 1136 1412 meditor
1177 1352 1384 1425 tingere
1415 1350 1617 1422 poculis
1634 1393 1652 1424 ‚

853 1425 1018 1483 Plena
1056 1425 1204 1484 dives
1243 1442 1305 1481 ut
1340 1425 1393 1481 in
1426 1422 1611 1480 domo.

467 1498 783 1569 25.Verum
822 1518 961 1567 pone
1003 1511 1181 1555 moras
1191 1542 1208 1572 ‚
1246 1503 1301 1554 &
1338 1494 1570 1553 studium
1609 1492 1771 1556 lueth

529 1694 608 1728 12.
645 1678 894 1728 Arcadiae.
926 1679 1005 1727 Est
1039 1681 1239 1728 Graeciae
1276 1680 1416 1745 regio
1440 1716 1456 1742 ,
1494 1679 1548 1727 in
1594 1679 1936 1741 Peloponneso
1970 1694 2091 1727 me·-

462 1745 539 1792 dia
559 1782 573 1806 ,
618 1746 873 1793 montibus
907 1742 962 1793 &
1004 1744 1192 1807 pascuis
1220 1747 1473 1794 abundans
1496 1780 1512 1806 ,
1540 1744 1746 1804 ideoque
1776 1751 1909 1793 Pana
1933 1744 2096 1805 pasto-

462 1824 572 1859 rum
615 1817 774 1857 Deum
793 1846 808 1870 ,
838 1810 975 1857 velut
1007 1809 1252 1872 peculiare
1276 1826 1464 1858 numen
1485 1846 1500 1871 ‚
1541 1810 1627 1857 fibi
1653 1809 1948 1858 vindicabat.
1969 1816 2089 1871 Op·-

459 1876 575 1989 ριὶὶἀῗ
620 1875 727 1940 ejus
766 1891 908 1925 erant
948 1876 1194 1945 praecjpua
1216 1911 1232 1939 ,
1264 1877 1557 1941 Mantinea,
1590 1882 1782 1940 Tegea,
1822 1873 1878 1924 δι
1907 1881 2091 1938 Stym-

530 1958 554 1990 a
577 1957 654 1992 us·
1590 1967 1597 1973 ·

459 1957 491 2005 p
525 2021 603 2072 13.
646 2007 903 2070 Tempora.
946 2006 1122 2055 Censet
1160 2004 1424 2055 Lambinus
1459 2006 1551 2053 hoc
1576 2004 1960 2068 intelligendum
2003 2004 2092 2052 es·

456 2072 507 2123 se
528 2109 543 2133 ,
591 2087 697 2123 non
739 2075 797 2121 de
846 2073 967 2121 anni
993 2108 1010 2135 ‚
1049 2072 1131 2120 sed
1164 2072 1265 2120 diei
1293 2085 1532 2134 tempore.
1555 2072 1769 2121 Romani
1790 2070 1972 2132 quippe
1991 2069 2090 2123 sub

459 2141 650 2186 nostem
689 2138 1008 2188 vescebantur
1034 2171 1051 2199 ,
1078 2151 1219 2198 atque
1248 2138 1366 2185 adeo
1404 2137 1534 2184 fitim
1568 2138 1666 2184 total
1688 2135 1767 2184 die
1790 2135 2092 2198 colligebat.

452 2209 561 2253 Hoc
596 2219 762 2252 tamen
801 2205 923 2264 quin
976 2205 1035 2252 de
1079 2202 1188 2265 ipsa
1232 2201 1512 2264 tempestate
1545 2201 1667 2249 anni
1702 2200 2100 2261 interpretemur

451 2268 582 2381 nil-dl
625 2284 791 2331 vetat,
827 2267 939 2317 eum
979 2268 1037 2316 iri
1077 2268 1222 2316 Itali&
1263 2267 1470 2317 {ternum
1503 2272 1697 2329 tempus
1733 2266 2091 2330 calidius'ell'e

455 2335 509 2382 so
534 2347 628 2382 eat.

523 2412 602 2454 14.
640 2394 857 2445 Calibus.
891 2395 1069 2458 Cales,
1108 2386 1229 2445 urbs
1270 2397 1430 2447 Italiae
1453 2432 1470 2461 ,
1523 2411 1629 2446 non
1663 2396 1836 2460 procul
1875 2398 2042 2460 Capua
2066 2410 2089 2445 ε

457 2462 598 2524 eujus
652 2477 765 2526 ager
800 2461 975 2523 optimi
1002 2461 1112 2510 vini
1136 2461 1290 2511 ferax.
2022 2468 2027 2471 ⁴

516 2525 749 2590 Prqfficm.
783 2526 1039 2574 ‘torculari
1073 2527 1342 2588 express'um
1373 2542 1427 2576 ac
1458 2528 1719 2581 subaemm.

516 2588 730 2640 Ducere.
764 2590 984 2638 Potitare
1006 2626 1022 2650 ,
1062 2592 1279 2641 haurire.

514 2653 757 2705 ziberam.
798 2656 890 2703 od.
925 2671 1013 2717 251.
1048 2656 1156 2705 Lib.
1198 2672 1246 2705 1.
1286 2670 1396 2721 pag.
1449 2668 1528 2720 34.
1570 2656 1675 2706 ve‘r.
1711 2674 1793 2711 22.

415 2765 420 2769 .
468 2781 485 2793 ,
515 2734 598 2782 15.
633 2720 891 2771 Juvenum.
924 2721 1063 2772 Drufi
1083 2758 1098 2785 ‚
1122 2722 1313 2771 Tiberii
1340 2756 1356 2784 ,
1380 2720 1484 2772 ὅτε.
1505 2724 1566 2771 de
1588 2723 1769 2782 quibus
1795 2722 1916 2772 fasta
1931 2737 2091 2772 men-

445 2797 521 2832 no
544 2786 610 2835 est
648 2788 742 2835 hoc
775 2785 905 2834 libro
932 2823 948 2848 ‚
987 2789 1079 2837 od.
1112 2801 1159 2851 3.
1191 2794 1290 2839 Eos
1327 2787 1467 2836 enim
1493 2787 1738 2851 Virgilius
1764 2793 1903 2854 poeta
1927 2825 1941 2849 ,
1968 2804 2088 2839 non

447 2852 648 2901 Horatio
681 2849 874 2912 solunt,
917 2852 1000 2902 sed
1029 2853 1119 2914 ipfi
1168 2852 1384 2919 Augusto
1415 2851 1473 2902 ὅτ
1502 2854 1625 2903 aulae
1659 2856 1754 2905 toti
1780 2870 1918 2904 carus
1944 2891 1961 2915 ,
1987 2869 2084 2902 eo·-

413 2915 572 2981 xlebat
614 2932 666 2966 ac
716 2917 952 2977 frequens
985 2917 1191 2966 visebat.
1234 2918 1528 2967 Torrentius
1559 2920 1618 2967 ad
1660 2926 1834 2971 Ca·ium
1877 2918 1934 2969 δε
1973 2925 2088 2967 Lu·-

444 2981 577 3030 cium
621 2982 835 3031 Caesares
860 3017 875 3046 ,
923 2982 1130 3048 Augusti
1174 2983 1337 3047 filios,
1365 2981 1542 3047 refert,
1590 2987 1673 3044 qui
1712 2985 1968 3050 principes
1991 2991 2087 3035 Ju-

444 3047 665 3096 ventutis
712 3047 827 3096 dieti
875 3045 1052 3108 fuere,
1085 3061 1142 3111 ut
1185 3048 1242 3095 in
1291 3049 1547 3098 veteribus
1590 3051 1813 3101 nummis
1852 3051 2086 3115 legitur,

411 3150 416 3155 .
444 3113 622 3160 Cliens
652 3110 864 3174 proprie.
882 3111 1186 3174 fignificabat
1221 3114 1365 3174 apud.
1386 3121 1638 3167 Romanos
1676 3116 1839 3166 civem
1866 3115 2082 3164 tenuio-

449 3191 553 3224 rem
579 3210 596 3236 ,
618 3177 701 3235 qui
728 3177 776 3224 se
801 3177 856 3223 in
880 3178 1025 3223 fidem
1048 3192 1099 3223 ac
1133 3178 1333 3225 tutelam
1359 3181 1655 3241 potentioris
1678 3182 1888 3245 alicujus
1908 3197 1970 3230 ae
1999 3181 2087 3230 di-

445 3239 599 3290 tioris
625 3238 945 3304 conferebat,
986 3239 1042 3293 &
1063 3257 1227 3311 fimo,
1249 3257 1305 3293 ut
1334 3252 1589 3309 parentem
1614 3247 1752 3301 filius
1774 3282 1793 3315 ‚
1824 3247 2051 3297 colebat.

1910 3336 2082 3384 more
