2269 3773
523 223 873 340 Epodon
927 188 1110 313 ‘Ode
1181 230 1390 316 VII.
1623 192 1839 349 ’.37Φ

141 378 244 427 tot
271 384 443 429 naves
479 368 649 430 oereis
673 363 969 450 instruc‘loe
1010 367 1210 450 rostris
1251 367 1424 431 tanta
1460 369 1613 430 mole
1640 391 1791 433 con-

141 471 248 515 tra
277 459 517 535 piratas
545 452 603 517 E?
642 458 942 537 mancipia
968 458 1297 536 ducuntur,
1329 460 1465 518 dum
1514 458 1646 536 hic,
1685 461 1791 520 in-

137 563 325 627 quam
350 590 369 621 ,
419 546 675 622 Menas,
714 546 1055 626 piratarum
1090 566 1162 607 ac
1184 544 1496 627 servorum
1512 550 1798 629 princeps

125 651 296 693 ‚unus
342 628 372 693 ὲ
408 634 721 715 primariis
766 632 1054 714 ducibus,
1107 629 1227 696 imo
1283 634 1578 698 Tribunus
1617 638 1796 699 mili-

119 738 276 783 tum
324 723 406 806 est
428 717 468 784 ?

138 921 250 983 pati
275 922 402 982 quod
447 920 568 967 olim
616 921 641 968 ὲ
677 922 862 984 ρπὶιτιίε1
892 923 1117 970 tribubus
1165 923 1473 989 legerentur.
1523 929 1611 972 Sei(
1654 934 1795 972 erant

143 986 209 1033 in
244 988 536 1045 unaquaque
583 985 787 1051 legione
807 1023 821 1048 ‚
858 987 1049 1100 Ἀρει-
1074 989 1212 1042 vices
1253 1003 1514 1050 praeerant.
1547 995 1632 1039 Ius
1658 989 1795 1037 dice-

140 1053 269 1098 bant
302 1051 547 1099 militibus
566 1066 581 1112 ;
608 1051 802 1115 signum
838 1050 867 1098 d
960 1067 1018 1099 nt
1061 1054 1319 1113 excubiis,
1350 1052 1457 1103 δίε.

141 1293 381 1447 Ar
423 1377 494 1447 atv
526 1378 657 1467 qub-
677 1385 967 1469 pergitis,
1033 1379 1380 1465 scelerati?
1425 1403 1533 1445 cur
1566 1383 1801 1468 gladios

122 1474 439 1559 stringitis
460 1519 478 1553 ,
521 1474 817 1556 quierant
854 1474 919 1535 in
958 1476 1200 1557 vaginas
1227 1467 1477 1534 abditi?
1521 1475 1666 1535 Non
1678 1473 1800 1555 fiz-

140 1564 227 1624 tis
288 1562 560 1623 videlicet
606 1562 821 1624 Latini
869 1564 1095 1624 cruoris
1147 1559 1386 1643 hausere
1436 1579 1527 1622 tot
1573 1562 1800 1642 proelia

141 1653 308 1712 mari
348 1652 493 1713 terri
524 1670 631 1733 que
668 1646 970 1734 commiffa
994 1646 1031 1713 ?
1077 1652 1248 1734 idque
1269 1696 1292 1728 ,
1346 1671 1463 1712 non
1488 1667 1554 1710 ut
1565 1649 1796 1734 super-

142 1739 283 1803 bam
341 1739 754 1823 Carthaginem
777 1784 799 1815 ,
849 1740 1154 1802 Romanoe
1191 1741 1487 1819 potentia?
1532 1759 1600 1800 ac
1648 1744 1782 1802 vir-

141 1830 296 1894 tutis
338 1827 610 1891 amulam
635 1873 654 1906 ‚
703 1828 1008 1908 Romani,
1054 1826 1294 1910 facibus
1336 1823 1562 1911 injec7is
1588 1875 1611 1907 ,
1675 1848 1796 1889 ex·-

131 1916 534 1999 scinderent;
581 1934 682 1977 aut
740 1934 808 1977 ut
862 1917 1233 1998 imponerent
1279 1919 1548 1999 ignotum
1607 1918 1800 1981 adhuc

141 1988 204 2073 ᾗ
212 2009 463 2070 ritannis
469 2002 686 2089 jugum
708 2049 726 2083 ,
769 2002 973 2087 eosque
995 2002 1209 2067 vinc‘los
1224 2023 1345 2085 per
1361 2007 1608 2066 Sacram
1633 2004 1792 2066 viam

144 2099 216 2158 in
264 2094 625 2177 Capitolium
670 2095 945 2154 ducerent
984 2111 1001 2155 .·
1035 2092 1154 2176 sed
1168 2140 1191 2171 ,
1244 2113 1309 2155 ut
1351 2095 1556 2153 civitas
1599 2112 1796 2155 rerum

145 2187 396 2247 domina
425 2181 560 2266 suis
600 2178 728 2264 ipsa
784 2177 1048 2244 manibus
1085 2227 1105 2261 ,
1171 2199 1283 2262 quo
1325 2180 1486 2241 nihil
1529 2181 1795 2245 accidere

139 2274 378 2358 gratius
421 2270 675 2335 Parthis
714 2287 958 2349 poterat
992 2317 1015 2347 ,
1073 2265 1412 2349 ¹misterrimh
1476 2287 1791 2336 corrueret.

145 2364 362 2446 Neque
409 2359 534 2440 lupi
562 2408 606 2438 ‚.
639 2377 819 2440 neque
854 2357 1048 2420 leones
1097 2360 1186 2419 ita
1215 2353 1432 2438 saevire
1479 2355 1796 2438 consueve-

144 2469 331 2528 runt,
381 2450 481 2532 qui
531 2465 843 2531 numquam
890 2443 1019 2526 feri
1059 2444 1427 2531 crudelesque
1458 2446 1640 2529 sunt,
1688 2446 1800 2531 nist

145 2540 213 2599 in
254 2536 464 2620 dispar
490 2556 668 2620 genus
693 2580 710 2614 ,
758 2531 816 2596 f?
859 2535 1087 2597 animal
1121 2555 1355 2598 naturoe
1386 2533 1423 2596 ὰ
1438 2537 1562 2615 suci
1594 2535 1819 2596 diver--

132 2622 250 2706 soe.
314 2628 478 2690 Num
526 2645 626 2693 vos
667 2625 794 2705 agit
829 2623 893 2685 in
935 2622 1144 2684 bel-lum
1178 2626 1523 2706 proecipites
1563 2626 1795 2687 demens

130 2709 384 2793 furor?
421 2734 499 2778 an
530 2710 751 2796 fatalis
796 2715 1066 2794 quoea'am
1104 2708 1162 2772 δ’
1204 2715 1482 2774 dix-initus
1524 2714 1794 2798 imposita

144 2800 444 2887 neceffitas
479 2796 516 2864 ?
582 2823 659 2863 an
694 2799 987 2884 scelerum
1050 2798 1409 2884 conscientia
1450 2797 1486 2864 ?
1554 2804 1788 2864 Dicite.

210 3013 549 3077 Descenderet.
586 3025 731 3066 Sacrae
758 3018 845 3065 viae
886 3016 1090 3064 initium
1127 3016 1185 3065 &
1212 3031 1353 3078 caput
1377 3051 1392 3077 ,
1430 3031 1528 3064 erat
1567 3018 1785 3079 editius,

147 3081 217 3128 ita
265 3096 316 3130 ut
372 3084 606 3130 euntibus
647 3081 1004 3143 aliquantisper
1066 3081 1463 3129 descendendum
1508 3081 1683 3137 foret:
1719 3084 1796 3129 as-

142 3146 384 3210 surgebat
409 3147 590 3195 deinde
611 3148 663 3195 in
710 3161 926 3194 montem
965 3147 1260 3208 Tarpeium,
1288 3146 1372 3193 ubi
1410 3146 1732 3208 Capitolium.

221 3225 301 3258 11.
342 3207 447 3260 Nec
474 3212 606 3274 suit.
649 3211 754 3261 &c.
801 3218 919 3260 Non
945 3210 1041 3258 fuit
1079 3226 1295 3270 unquam
1333 3211 1424 3258 nisi
1470 3212 1526 3259 in
1582 3211 1743 3272 dispar
1774 3247 1792 3272 ,

145 3275 387 3338 subaudi,
425 3292 617 3350 genus,
646 3276 734 3325 iste
777 3286 919 3342 mos,
954 3275 1193 3326 saeviendi
1244 3276 1475 3325 videlicet
1501 3311 1518 3340 ,
1555 3275 1790 3325 leonibus

144 3338 268 3390 foris
315 3340 372 3392 δε
425 3342 750 3394 immanibus.
