2269 3773
575 227 726 310 Lib
786 184 855 313 12
916 184 1184 313 Satira
1241 230 1410 316 HJ.
1669 260 1832 348 279
1906 301 1917 308 .

213 361 423 423 oderit.
475 364 556 426 Id
565 362 622 446 fi
646 360 844 443 saciet
861 411 885 444 ,
929 383 1047 426 non
1072 361 1269 425 minus
1314 382 1542 447 a'quum
1575 365 1683 449 ipfi
1707 385 1797 426 me
1812 412 1837 445 ,

213 446 274 510 δ’
318 447 709 537 indulgentem
745 450 1039 536 praestabo
1065 499 1089 532 ,
1136 450 1450 536 iisdemque
1489 451 1655 536 illum
1689 472 1840 534 pon-

208 537 441 599 deribus
483 538 797 626 aestimabo.
853 542 973 622 Qui
1009 544 1370 625 grandiora,
1415 539 1678 602 tuberum
1716 537 1846 621 inst-

209 644 350 704 ίαν,
391 627 540 689 vitia
568 626 686 709 sua
725 631 1047 690 condonari
1076 628 1190 712 fibi
1233 629 1356 690 vult
1400 626 1471 688 ab
1508 631 1697 691 amico
1723 675 1742 708 ,
1790 631 1844 691 is

196 711 471 796 prosec'ib
512 714 676 779 debet
708 715 967 795 leviora,
1023 713 1080 777 δ’
1102 716 1331 799 fimilia
1372 719 1624 778 verrucis
1663 718 1843 780 amici
1876 734 1888 747 ·

210 802 364 864 vitia
411 824 577 889 aequo
614 806 808 866 animo
843 802 1031 885 ferre.
1085 808 1277 885 Quam
1318 801 1556 888 quisque
1593 803 1663 866 ab
1717 805 1840 866 alio

207 890 442 952 veniam
478 892 784 976 postulat,
841 912 968 953 eam
1017 892 1241 957 tribuat
1287 892 1382 955 illi
1430 893 1665 978 viciffim
1720 913 1846 975 par

206 979 311 1063 est.
362 978 469 1040 Ad
520 973 843 1041 extremum
853 1028 889 1067 9
940 982 1217 1063 quoniam
1261 1000 1441 1065 neque
1482 983 1834 1062 iracundia,

208 1085 397 1148 neque
442 1084 656 1130 caetera
699 1070 844 1130 vitia
867 1117 890 1150 ,
939 1068 1270 1132 hominibus
1312 1065 1627 1150 persec'lam
1670 1070 1839 1132 illam

191 1150 562 1235 sapientiam
619 1159 872 1217 nondum
921 1159 1148 1239 adeptis
1175 1205 1197 1235 ,
1252 1157 1425 1239 insita
1458 1203 1480 1234 ,
1546 1159 1839 1239 extirpari

209 1245 456 1304 omnino
504 1262 764 1327 queunt,
819 1264 1007 1307 nonne
1048 1244 1355 1306 toleranda
1396 1241 1606 1324 sunt?
1652 1267 1841 1310 nonne

191 1327 259 1415 fi
296 1332 635 1413 reprehendi
668 1334 995 1419 corrigique
1022 1334 1311 1395 interdum
1348 1330 1553 1393 debent
1572 1380 1595 1412 ,
1635 1334 1839 1395 viden-

205 1419 353 1479 dum
397 1422 517 1505 est,
566 1438 634 1481 ut
675 1439 747 1480 ea
774 1424 1162 1501 ponderemus
1202 1417 1609 1506 exigamusque
1648 1423 1729 1481 ad
1760 1421 1845 1482 le·-

199 1525 314 1592 ges
341 1505 508 1571 reHoe
536 1509 781 1571 rationis
804 1555 828 1588 ,
881 1505 939 1569 δ’
954 1529 1071 1590 pro
1110 1505 1380 1594 cujusque
1411 1509 1706 1591 gravitate
1738 1530 1842 1573 aut

208 1592 454 1656 levitate
481 1616 690 1678 poenas
726 1596 850 1660 illis
876 1598 1195 1682 irrogemus
1218 1592 1256 1659 ?
1295 1597 1367 1660 Si
1403 1595 1573 1658 herus
1608 1596 1671 1659 in
1696 1616 1842 1660 cru-

208 1701 340 1744 cem
389 1702 528 1768 agat
560 1681 792 1765 servum
822 1731 844 1763 ‚
889 1687 990 1768 qui
1042 1687 1303 1747 catinum
1344 1679 1375 1744 ὲ
1418 1688 1619 1747 mensd
1643 1680 1840 1771 juffiis

207 1767 496 1851 auferre,
528 1770 722 1853 pisces
769 1774 1022 1834 dimidia
1062 1770 1203 1857 jam
1253 1793 1326 1833 ex
1359 1790 1538 1852 parte
1585 1773 1840 1856 comesos

208 1858 495 1922 delibarit
536 1861 812 1923 extremis
854 1862 1094 1949 digitis,
1146 1858 1204 1925 ἔφ’
1247 1857 1571 1942 carpserit,
1617 1883 1720 1926 aut
1767 1867 1840 1926 de

211 1951 588 2013 condimento
615 1951 914 2035 quidpiam
954 1950 1164 2011 leviter
1190 1946 1583 2029 exsorbuerit‚
1630 1949 1840 2014 merito

190 2034 622 2120 succensebunt
674 2039 901 2102 lzomini
954 2057 1074 2101 tam
1123 2034 1287 2118 soevo
1348 2039 1687 2119 quicumque
1719 2035 1842 2118 fiz-

194 2128 388 2206 piunt
413 2172 435 2204 ‚
505 2122 562 2188 f?
613 2125 883 2190 Labeone
931 2125 1282 2209 insaniorem
1312 2120 1684 2208 judicabunt.
1748 2125 1844 2190 At

212 2208 438 2298 quanto
481 2217 730 2298 nequior
749 2216 831 2300 sis
880 2212 937 2277 δ’
982 2206 1278 2276 amentio?
1299 2260 1320 2291 ,
1357 2212 1413 2296 fi
1460 2210 1530 2271 ob
1571 2211 1839 2275 delia-Tum

213 2301 338 2362 leve
360 2350 381 2381 ,
412 2305 682 2387 quodque
698 2307 1024 2366 condonare
1061 2302 1264 2364 debeas
1275 2348 1298 2380 ,
1331 2299 1438 2385 nifi
1460 2298 1676 2381 invisus
1701 2301 1841 2364 aliis

217 2384 334 2470 effe
368 2412 437 2451 ac
462 2388 656 2471 soems
692 2388 899 2455 merito
921 2393 1049 2476 diei
1083 2391 1222 2453 velis
1244 2439 1267 2472 ,
1300 2389 1357 2473 fi
1377 2437 1401 2470 ,
1443 2389 1678 2472 inquam
1702 2437 1725 2469 ,
1768 2389 1841 2452 ob

216 2474 507 2561 ejusmodi
533 2479 762 2562 culpam
789 2483 981 2543 oderis
1005 2483 1296 2558 amicum,
1345 2494 1581 2562 eumque
1596 2480 1845 2561 perinde

218 2564 502 2648 averseriss
526 2614 548 2646 ‚
596 2571 683 2629 uti
727 2567 1028 2651 Rusonem
1042 2567 1293 2653 fugiunt
1317 2566 1601 2629 debitores
1625 2614 1643 2647 ,
1690 2570 1792 2651 qui
1810 2617 1838 2651 ,

217 2656 284 2717 ni
309 2677 328 2715 ι
354 2653 588 2737 usuram
616 2676 730 2738 pro
748 2659 1005 2738 pecunia*
1038 2678 1212 2742 quam
1243 2655 1312 2719 ab
1348 2656 1544 2718 eodem
1582 2676 1844 2720 mutuam

214 2763 533 2826 accepere,
581 2765 686 2807 aut
726 2748 869 2807 adeo
895 2794 915 2825 ,
949 2747 1263 2828 pecuniam
1306 2742 1490 2826 ipsam
1536 2741 1594 2806 E?
1617 2743 1843 2826 sortem

217 2986 464 3037 bitoribus
498 2987 764 3050 recitabat,
800 2988 880 3049 qui
916 2989 1003 3036 hac
1038 2989 1267 3037 audiendi
1292 2990 1523 3051 patienti&
1548 3025 1562 3049 ‚
1597 2989 1838 3037 nonnihil

219 3068 370 3100 mor-e
411 3068 463 3099 ac
507 3052 646 3114 spatii
688 3056 742 3100 ad
790 3054 1147 3102 diss'olvendum'
1192 3069 1260 3102 eea
1303 3055 1440 3104 suum
1476 3055 1739 3118 alienum,
1774 3058 1834 3102 ab

223 3133 285 3166 eo
322 3118 620 3165 auferebant.
962 3163 967 3168 .

287 3180 372 3242 87.
409 3180 667 3230 Kalendae.
692 3182 872 3232 'rristes
905 3182 1148 3249 appellat,
1168 3184 1280 3245 quia
1295 3183 1531 3236 Kalendis
1566 3184 1712 3234 usura
1727 3182 1833 3231 sol·-

225 3250 427 3297 vebatur
473 3247 503 3293 *a
536 3248 860 3297 debitoribus.

289 3309 373 3365 88.
423 3308 713 3363 Mercedem.
752 3313 969 3366 Usuram·
