2269 3773
465 202 635 286 402
869 165 1185 251 Horatii
1241 164 1680 250 Satirarum

560 297 815 358 Consule.
851 295 971 354 Cur
994 294 1170 368 Aiax,
1202 293 1364 354 heros
1399 295 1465 352 ab
1504 286 1722 354 Achille
1757 291 2034 355 secundus
2052 336 2074 367 ,

556 370 846 443 Putrescit,
882 368 1041 427 toties
1067 367 1284 425 servatis
1323 369 1493 424 clarus
1531 363 1754 423 Achivis
1775 373 1800 424 ‚²

463 461 521 517 19
532 465 551 517 5
564 490 578 504 .
589 442 833 501 Gaudeat
853 461 911 499 ut
922 441 1151 512 populus
1162 437 1363 496 Priami
1376 482 1393 510 ,
1414 437 1667 495 Priamus
1660 436 2083 508 queinhumato
2092 478 2114 507 ‚

563 516 665 572 Per
705 533 867 586 quem
905 528 991 569 tot
1021 512 1242 579 iuvenes
1281 511 1459 581 patrio
1501 529 1718 566 caruere
1740 508 2038 581 sepulcre.²

561 586 723 643 Mille
744 586 931 644 ovium
948 583 1158 641 insanus
1173 582 1335 640 morti
1350 581 1525 652 dedit,
1539 582 1643 638 incl
1688 601 1805 638 tum
1822 580 2090 652 Ulyssem
2108 621 2129 653 ,

560 656 635 715 Et
667 656 982 715 Menelaum
1019 654 1124 711 una
1165 673 1379 711 mecum
1417 653 1469 710 se
1507 653 1621 719 occi
1660 673 1749 709 ere
1791 653 2055 709 clamans.
2122 712 2123 715 ,

559 730 655 786 Tu
691 748 859 800 quum
890 747 989 798 pro
1018 726 1189 783 vitula
1214 724 1395 782 statuis
1424 724 1637 781 dulcem
1676 722 1875 781 Aulide
1908 741 2111 781 natam

437 828 440 831 >
468 821 594 861 200.
609 800 754 856 Ante
770 819 884 856 aras
894 842 910 869 ,
933 795 1235 880 spargisque
1255 796 1401 852 moli
1419 814 1580 866 caput
1631 794 1909 866 improbe,
1933 795 2108 856 salsa:

561 872 796 928 Restum
811 870 976 998 augur
997 867 1210 926 servas?
1237 866 1550 942 Quorsum?
1599 865 1791 925 nsanus
1809 865 1939 938 quid
1961 865 2116 924 enim

929 959 1019 1010 ΒΧ
1602 963 1606 966 ’

561 1011 745 1084 Fecit,
781 1032 950 1084 quum
991 1008 1178 1081 stravit
1207 1007 1349 1067 ferro
1377 1012 1572 1080 pecus?
1601 1006 1850 1066 abstinuit
1889 1005 2012 1067 vim

497 1129 501 1136 .
560 1086 746 1142 Uxore
767 1127 784 1155 ,
824 1092 877 1141 &
918 1100 1077 1153 nate,
1115 1083 1259 1139 mala
1296 1078 1467 1139 multa
1505 1097 1749 1151 precatus
1786 1078 2027 1138 Atridis·
2058 1102 2066 1108 ·

560 1154 691 1214 Non
711 1156 800 1212 ille
822 1174 914 1214 aut
933 1155 1207 1212 Teucrum
1221 1197 1238 1222 ,
1262 1169 1356 1209 aut
1379 1151 1553 1224 ipsum
1580 1151 1810 1209 violavit
1829 1152 2112 1227 Ulyffem.
2148 1186 2157 1193 -

475 1224 824 1300 205.Vert1m
855 1246 998 1298 ego,
1035 1244 1094 1282 ut
1129 1222 1395 1282 haerentes
1434 1222 1655 1280 adverso
1694 1223 1875 1281 littore
1905 1243 2077 1283 naves

566 1299 876 1371 Eriperem,
909 1294 1138 1368 prudens
1178 1295 1381 1366 placavi
1426 1294 1679 1366 sanguine
1719 1295 1915 1353 Divos·
2048 1310 2051 1311 ’

565 1370 779 1440 Nempe
815 1386 945 1437 tuo,
973 1366 1188 1425 furiose.
1224 1365 1393 1435 Me0,
1432 1365 1521 1423 sed
1559 1387 1668 1423 non
1705 1365 1957 1426 furiosus.

564 1443 684 1568 gui
724 1440 917 1510 species
951 1439 1081 1495 alias
1116 1438 1259 1509 veri,
1298 1436 1635 1507 scelerisque,
1671 1438 1915 1495 tumultu

506 1575 511 1581 .
611 1512 846 1569 ermistas
882 1511 1082 1581 capiet,
1122 1526 1426 1571 commotus
1466 1506 1784 1576 habebitur3
1822 1527 1984 1579 atque
2004 1543 2026 1582 ,-

467 1582 901 1644 210.Stultitiane
943 1597 1115 1654 erret,
1145 1581 1387 1639 ‚nihilum
1414 1578 1653 1652 distabit,
1702 1600 1772 1637 an
1807 1579 1904 1637 ira.

493 1836 498 1841 t
538 1810 651 1858 197.
693 1793 837 1843 Mille
861 1795 1022 1843 ovium
1047 1829 1062 1855 ,
1104 1794 1209 1843 &c.
1245 1795 1322 1843 Est
1361 1796 1492 1844 mille
1521 1794 1874 1845 substantivum
1897 1795 1980 1844 hic
2002 1811 2111 1849 no,

472 1876 588 1911 men
620 1860 877 1925 singularis
908 1859 1125 1909 numeri.
1150 1866 1263 1921 Quo
1295 1859 1423 1909 illud
1456 1861 1597 1908 modo
1631 1861 1825 1910 Tullius
1862 1861 1917 1908 in
1950 1861 2101 1909 Milo-

473 1927 629 1978 niona
676 1926 906 1990 usurpat,
954 1942 1160 1973 numero
1197 1941 1275 1985 54.
1319 1925 1440 1989 Ajax
1473 1926 1689 1973 Achillis
1729 1926 1973 1974 demortui
2006 1942 2097 1989 pe-

471 1995 771 2041 tebat‘arma
794 2027 809 2050 ,
836 1994 1028 2053 petebat
1064 1990 1120 2039 sc
1152 1990 1341 2055 Ulyss‘es
1362 2028 1375 2051 ,
1410 2006 1560 2051 eaque
1596 1991 1663 2040 est
1684 1992 2000 2050 consecutuS,
2045 2005 2099 2040 ut

471 2057 621 2105 ovid.
640 2070 799 2104 natrat
815 2061 953 2105 xm.
979 2056 1457 2117 Metam.Repulsam
1472 2057 1589 2104 adeo
1616 2056 1735 2104 tulit
1762 2055 1932 2105 acerbe
1951 2054 2098 2119 Aiax,

478 2136 537 2169 ut
568 2122 624 2169 in
655 2119 871 2169 furorem
899 2120 1258 2180 amentiamque
1282 2119 1546 2183 inciderit,
1572 2121 1780 2181 ovesque
1820 2119 1995 2168 multas
2023 2122 2097 2169 in·

471 2184 724 2235 terfecerit
744 2220 761 2248 ,
804 2185 1063 2233 clamitans
1093 2185 1144 2232 se
1166 2189 1591 2249 Agamemnonem
1617 2184 1675 2235 &
1694 2185 1976 2234 Menelaum
1993 2186 2096 2249 ejus

471 2248 715 2312 fratrem,
760 2251 1015 2313 ipsumque
1049 2248 1264 2312 Ulyffem
1314 2251 1556 2302 occidere.

547 2329 658 2379 199.
704 2315 782 2365 Tu
825 2333 996 2379 quum,
1041 2312 1148 2363 &c.
1196 2314 1317 2362 Cum
1364 2315 1503 2364 Paris
1549 2316 1789 2364 Helenam
1837 2316 2097 2379 rapuiffet,

474 2381 638 2428 Graeci
669 2393 840 2428 omnes
875 2382 933 2427 de
974 2378 1063 2427 illa
1094 2379 1386 2440 reposcenda
1415 2416 1431 2440 ,
1464 2379 1527 2430 ,ὅτ
1563 2380 1696 2429 bello
1744 2379 1974 2442 Troianis
2017 2383 2101 2430 in·-

474 2442 684 2493 ferendo
717 2445 1057 2508 conjurarunt.
1083 2449 1260 2491 Eorum
1287 2443 1412 2492 c1affi
1432 2446 1682 2493 conditius
1707 2481 1720 2504 ,
1748 2440 1843 2506 qub
1866 2459 1968 2493 tota
1987 2461 2100 2495 con·

473 2509 704 2571 veniret,
736 2509 792 2557 in
821 2509 1007 2557 Boeotia
1049 2522 1220 2571 portus
1241 2507 1338 2556 fuit
1364 2546 1379 2569 ,
1404 2510 1546 2558 Aulis
1571 2510 1745 2558 dietus·
1788 2510 1867 2557 Ibi
1894 2512 2097 2560 adversis

476 2574 645 2621 ventis
681 2589 870 2622 retenta
902 2576 1133 2622 haerebat.
1179 2578 1523 2637 Agamemnon
1547 2612 1563 2636 ,
1588 2589 1644 2622 ut
1664 2574 1931 2623 secundum
1969 2592 2095 2624 ven-

390 2644 396 2650 '
476 2649 584 2684 tum
627 2652 823 2685 exorare
856 2636 1005 2699 posset
1044 2642 1103 2685 ab
1154 2638 1344 2687 infensa
1387 2638 1582 2698 Diana,
1614 2638 1800 2687 sacrum
1832 2640 1969 2688 enim
2008 2641 2097 2690 ine

480 2715 675 2747 cervam
713 2701 998 2762 imprudens
1022 2702 1338 2752 interfecerat
1355 2738 1368 2764 ,
1403 2704 1557 2752 filiam
1580 2704 1713 2753 suam
1740 2705 2052 2768 Iphigeniam
2081 2742 2096 2768 ,

473 2762 681 2828 jubente
705 2765 900 2813 oraculo
926 2801 941 2826 ,
964 2766 1140 2817 Dianae
1182 2769 1440 2818 immolare
1467 2768 1739 2817 constituit.
1778 2769 1959 2817 Verum
1990 2769 2099 2819 cum

475 2830 577 2893 jam
617 2829 757 2878 altari
783 2831 1119 2880 admoveretur
1145 2871 1162 2895 ,
1190 2850 1384 2882 cervam
1421 2835 1477 2882 in
1513 2833 1621 2896 ejus
1655 2833 1822 2882 locum
1853 2834 2099 2897 supposuit

476 2893 636 2945 Diana
663 2931 677 2956 ,
722 2894 779 2946 δε
809 2896 1118 2960 Iphigeniam
1167 2899 1221 2947 in
1243 2898 1496 2947 Tauricam
1523 2898 1780 2965 regionem
1821 2899 2097 2962 transtulit,

471 2958 653 3018 suoque
685 2961 871 3023 templo
897 2961 1191 3010 sacerdotem
1234 2962 1474 3026 praefecit.

542 3035 659 3072 200.
700 3024 848 3074 Mola
876 3026 1034 3086 samt-
1072 3029 1235 3089 Mola,
1277 3029 1441 3088 inquit
1478 3028 1643 3079 Festus
1667 3063 1682 3087 ,
1711 3028 1778 3076 est
1810 3027 1885 3076 far
1924 3028 2097 3078 tostum

481 3084 536 3138 ὅτ
567 3086 663 3137 sale
692 3090 900 3151 sparsum
919 3126 936 3150 ,
963 3092 1091 3151 quod
1118 3108 1177 3139 eo
1213 3093 1388 3141 molito
1423 3094 1590 3141 hostiae
1630 3092 1969 3157 aspergantur.

547 3151 738 3203 Rei-lum
777 3155 947 3204 animi.
981 3158 1189 3207 subaudi
1215 3158 1408 3212 statum.
1447 3158 1754 3224 Anssetines
1779 3158 1938 3208 animi
1974 3156 2102 3208 sani-

477 3229 627 3269 tatem
670 3218 729 3272 &
764 3220 1089 3278 constantiam
1107 3228 1127 3269 t
2104 3231 2115 3238 ·
