<?xml version="1.0" encoding="UTF-8"?>
<!DOCTYPE html PUBLIC "-//W3C//DTD XHTML 1.0 Transitional//EN"
    "http://www.w3.org/TR/xhtml1/DTD/xhtml1-transitional.dtd">
<html xmlns="http://www.w3.org/1999/xhtml" xml:lang="en" lang="en">
 <head>
  <title>
</title>
<meta http-equiv="Content-Type" content="text/html;charset=utf-8" />
  <meta name='ocr-system' content='tesseract 3.04.00' />
  <meta name='ocr-capabilities' content='ocr_page ocr_carea ocr_par ocr_line ocrx_word'/>
</head>
<body>
  <div class='ocr_page' id='page_1' title='image "./quintihoratiifl08horagoog_0411.png"; bbox 0 0 2269 3773; ppageno 0'>
   <div class='ocr_carea' id='block_1_1' title="bbox 555 200 1888 334">
    <p class='ocr_par' dir='ltr' id='par_1_1' title="bbox 555 200 1888 334">
     <span class='ocr_line' id='line_1_1' title="bbox 555 200 1888 334; baseline 0.005 -37"><span class='ocrx_word' id='word_1_1' title='bbox 555 214 753 315; x_wconf 78' lang='lat' dir='ltr'><em>Lib.</em></span> <span class='ocrx_word' id='word_1_2' title='bbox 815 212 933 297; x_wconf 88' lang='lat' dir='ltr'><em>II.</em></span> <span class='ocrx_word' id='word_1_3' title='bbox 989 209 1485 334; x_wconf 63' lang='lat' dir='ltr'><em>SatiralII.</em></span> <span class='ocrx_word' id='word_1_4' title='bbox 1666 200 1828 326; x_wconf 70' lang='lat'><em>399</em></span> <span class='ocrx_word' id='word_1_5' title='bbox 1882 219 1888 224; x_wconf 57' lang='grc'><em>’</em></span> 
     </span>
    </p>
   </div>
   <div class='ocr_carea' id='block_1_2' title="bbox 166 345 1909 3168">
    <p class='ocr_par' dir='ltr' id='par_1_2' title="bbox 166 345 1909 3168">
     <span class='ocr_line' id='line_1_2' title="bbox 211 345 1834 436; baseline -0.002 -20"><span class='ocrx_word' id='word_1_6' title='bbox 211 354 333 416; x_wconf 72' lang='lat' dir='ltr'><em>hac</em></span> <span class='ocrx_word' id='word_1_7' title='bbox 373 345 626 433; x_wconf 73' lang='lat' dir='ltr'><em>insaniae</em></span> <span class='ocrx_word' id='word_1_8' title='bbox 672 345 731 410; x_wconf 65' lang='grc' dir='ltr'><strong>ἃ</strong></span> <span class='ocrx_word' id='word_1_9' title='bbox 787 348 976 410; x_wconf 84' lang='lat' dir='ltr'><em>morbi</em></span> <span class='ocrx_word' id='word_1_10' title='bbox 1019 368 1199 430; x_wconf 73' lang='lat' dir='ltr'><em>parte</em></span> <span class='ocrx_word' id='word_1_11' title='bbox 1257 351 1562 415; x_wconf 82' lang='lat' dir='ltr'><em>liberatum</em></span> <span class='ocrx_word' id='word_1_12' title='bbox 1605 354 1834 436; x_wconf 79' lang='lat' dir='ltr'><em>gratias</em></span> 
     </span>
     <span class='ocr_line' id='line_1_3' title="bbox 213 434 1835 525; baseline -0.001 -23"><span class='ocrx_word' id='word_1_13' title='bbox 213 458 390 525; x_wconf 81' lang='lat' dir='ltr'><em>agere</em></span> <span class='ocrx_word' id='word_1_14' title='bbox 423 441 569 502; x_wconf 81' lang='lat' dir='ltr'><em>Diis</em></span> <span class='ocrx_word' id='word_1_15' title='bbox 593 434 844 502; x_wconf 83' lang='lat' dir='ltr'><em>Laribus</em></span> <span class='ocrx_word' id='word_1_16' title='bbox 851 441 1134 520; x_wconf 83' lang='lat' dir='ltr'><em>propitiis</em></span> <span class='ocrx_word' id='word_1_17' title='bbox 1161 487 1185 521; x_wconf 85' lang='lat'><em>,</em></span> <span class='ocrx_word' id='word_1_18' title='bbox 1223 437 1436 524; x_wconf 75' lang='lat' dir='ltr'><em>&amp;ipsis</em></span> <span class='ocrx_word' id='word_1_19' title='bbox 1464 460 1708 523; x_wconf 85' lang='lat' dir='ltr'><em>porcum</em></span> <span class='ocrx_word' id='word_1_20' title='bbox 1720 436 1835 520; x_wconf 85' lang='lat' dir='ltr'><em>sa·-</em></span> 
     </span>
     <span class='ocr_line' id='line_1_4' title="bbox 214 526 1836 611; baseline -0.001 -21"><span class='ocrx_word' id='word_1_21' title='bbox 214 529 490 611; x_wconf 77' lang='lat' dir='ltr'><em>crificare</em></span> <span class='ocrx_word' id='word_1_22' title='bbox 541 545 561 589; x_wconf 93' lang='lat'><em>.·</em></span> <span class='ocrx_word' id='word_1_23' title='bbox 608 543 672 588; x_wconf 87' lang='lat' dir='ltr'><em>at</em></span> <span class='ocrx_word' id='word_1_24' title='bbox 711 529 868 588; x_wconf 86' lang='lat' dir='ltr'><em>idem</em></span> <span class='ocrx_word' id='word_1_25' title='bbox 916 547 1165 589; x_wconf 71' lang='lat' dir='ltr'><em>vexatur</em></span> <span class='ocrx_word' id='word_1_26' title='bbox 1196 531 1446 591; x_wconf 64' lang='lat' dir='ltr'><em>audacia*</em></span> <span class='ocrx_word' id='word_1_27' title='bbox 1474 577 1492 609; x_wconf 93' lang='lat'>,</span> <span class='ocrx_word' id='word_1_28' title='bbox 1543 526 1600 591; x_wconf 69' lang='grc' dir='ltr'><em>δ’</em></span> <span class='ocrx_word' id='word_1_29' title='bbox 1642 527 1836 591; x_wconf 85' lang='lat' dir='ltr'><em>ambi-</em></span> 
     </span>
     <span class='ocr_line' id='line_1_5' title="bbox 166 614 1838 699; baseline 0.001 -24"><span class='ocrx_word' id='word_1_30' title='bbox 166 661 184 675; x_wconf 93' lang='lat'><strong>.</strong></span> <span class='ocrx_word' id='word_1_31' title='bbox 220 621 384 680; x_wconf 87' lang='lat' dir='ltr'><em>tione</em></span> <span class='ocrx_word' id='word_1_32' title='bbox 402 640 426 698; x_wconf 89' lang='lat'><em>;</em></span> <span class='ocrx_word' id='word_1_33' title='bbox 449 614 617 676; x_wconf 90' lang='lat' dir='ltr'><em>illum</em></span> <span class='ocrx_word' id='word_1_34' title='bbox 662 617 725 676; x_wconf 88' lang='lat' dir='ltr'><em>in</em></span> <span class='ocrx_word' id='word_1_35' title='bbox 760 614 1126 699; x_wconf 76' lang='lat' dir='ltr'><em>Anticyram</em></span> <span class='ocrx_word' id='word_1_36' title='bbox 1150 616 1471 678; x_wconf 84' lang='lat' dir='ltr'><em>amandabo</em></span> <span class='ocrx_word' id='word_1_37' title='bbox 1500 665 1522 697; x_wconf 92' lang='lat'><em>,</em></span> <span class='ocrx_word' id='word_1_38' title='bbox 1564 614 1662 678; x_wconf 88' lang='lat' dir='ltr'><em>ubi</em></span> <span class='ocrx_word' id='word_1_39' title='bbox 1687 615 1838 677; x_wconf 89' lang='lat' dir='ltr'><em>elle-</em></span> 
     </span>
     <span class='ocr_line' id='line_1_6' title="bbox 221 704 1835 786; baseline 0.001 -20"><span class='ocrx_word' id='word_1_40' title='bbox 221 705 367 767; x_wconf 84' lang='lat' dir='ltr'><em>boro</em></span> <span class='ocrx_word' id='word_1_41' title='bbox 416 704 766 766; x_wconf 77' lang='lat' dir='ltr'><em>dementiam</em></span> <span class='ocrx_word' id='word_1_42' title='bbox 828 720 1005 766; x_wconf 87' lang='lat' dir='ltr'><em>curet.</em></span> <span class='ocrx_word' id='word_1_43' title='bbox 1085 707 1249 784; x_wconf 84' lang='lat' dir='ltr'><em>Quid</em></span> <span class='ocrx_word' id='word_1_44' title='bbox 1289 708 1441 766; x_wconf 90' lang='lat' dir='ltr'><em>enim</em></span> <span class='ocrx_word' id='word_1_45' title='bbox 1477 706 1769 786; x_wconf 76' lang='lat' dir='ltr'><em>discrepat</em></span> <span class='ocrx_word' id='word_1_46' title='bbox 1810 750 1835 783; x_wconf 87' lang='lat'>‚</span> 
     </span>
     <span class='ocr_line' id='line_1_7' title="bbox 220 787 1840 876; baseline -0.004 -19"><span class='ocrx_word' id='word_1_47' title='bbox 220 795 340 857; x_wconf 79' lang='lat' dir='ltr'><em>hoc</em></span> <span class='ocrx_word' id='word_1_48' title='bbox 384 814 460 854; x_wconf 89' lang='lat' dir='ltr'><em>an</em></span> <span class='ocrx_word' id='word_1_49' title='bbox 504 791 610 853; x_wconf 89' lang='lat' dir='ltr'><em>illo</em></span> <span class='ocrx_word' id='word_1_50' title='bbox 646 789 896 872; x_wconf 84' lang='lat' dir='ltr'><em>insaniae</em></span> <span class='ocrx_word' id='word_1_51' title='bbox 917 808 1123 876; x_wconf 80' lang='lat' dir='ltr'><strong><em>genere</em></strong></span> <span class='ocrx_word' id='word_1_52' title='bbox 1162 788 1441 857; x_wconf 79' lang='lat' dir='ltr'><em>labores?</em></span> <span class='ocrx_word' id='word_1_53' title='bbox 1476 787 1675 856; x_wconf 73' lang='lat' dir='ltr'><em>utrum</em></span> <span class='ocrx_word' id='word_1_54' title='bbox 1704 811 1840 873; x_wconf 84' lang='lat' dir='ltr'><em>opes</em></span> 
     </span>
     <span class='ocr_line' id='line_1_8' title="bbox 224 876 1836 967; baseline -0.002 -23"><span class='ocrx_word' id='word_1_55' title='bbox 224 884 290 944; x_wconf 89' lang='lat' dir='ltr'><em>in</em></span> <span class='ocrx_word' id='word_1_56' title='bbox 318 879 589 963; x_wconf 78' lang='lat' dir='ltr'><em>sumptus</em></span> <span class='ocrx_word' id='word_1_57' title='bbox 641 880 1024 960; x_wconf 81' lang='lat' dir='ltr'><em>immodicos,</em></span> <span class='ocrx_word' id='word_1_58' title='bbox 1069 896 1347 966; x_wconf 78' lang='lat' dir='ltr'><em>tanquam</em></span> <span class='ocrx_word' id='word_1_59' title='bbox 1372 876 1435 943; x_wconf 83' lang='grc' dir='ltr'><em>ἱη</em></span> <span class='ocrx_word' id='word_1_60' title='bbox 1481 883 1836 967; x_wconf 53' lang='grc' dir='ltr'><em>νονιιὲξνίηεηι,ν</em></span> 
     </span>
     <span class='ocr_line' id='line_1_9' title="bbox 211 963 1841 1055; baseline 0.001 -28"><span class='ocrx_word' id='word_1_61' title='bbox 211 969 553 1053; x_wconf 79' lang='lat' dir='ltr'><em>profundas</em></span> <span class='ocrx_word' id='word_1_62' title='bbox 576 990 600 1048; x_wconf 89' lang='lat'><em>;</em></span> <span class='ocrx_word' id='word_1_63' title='bbox 650 989 728 1029; x_wconf 92' lang='lat' dir='ltr'><em>an</em></span> <span class='ocrx_word' id='word_1_64' title='bbox 777 967 852 1028; x_wconf 81' lang='lat' dir='ltr'><em>iis</em></span> <span class='ocrx_word' id='word_1_65' title='bbox 914 989 1057 1052; x_wconf 82' lang='lat' dir='ltr'><em>quas</em></span> <span class='ocrx_word' id='word_1_66' title='bbox 1101 970 1508 1055; x_wconf 82' lang='lat' dir='ltr'><em>cornparasti&#39;,</em></span> <span class='ocrx_word' id='word_1_67' title='bbox 1554 963 1841 1051; x_wconf 70' lang='lat' dir='ltr'><em>perpetuo</em></span> 
     </span>
     <span class='ocr_line' id='line_1_10' title="bbox 225 1051 1845 1141; baseline -0.001 -22"><span class='ocrx_word' id='word_1_68' title='bbox 225 1057 510 1139; x_wconf 77' lang='lat' dir='ltr'><em>abstineas</em></span> <span class='ocrx_word' id='word_1_69' title='bbox 533 1051 571 1117; x_wconf 67' lang='grc' dir='ltr'><em>,Ρ</em></span> <span class='ocrx_word' id='word_1_70' title='bbox 618 1052 859 1118; x_wconf 72' lang='lat' dir='ltr'><em>Servius</em></span> <span class='ocrx_word' id='word_1_71' title='bbox 915 1051 1203 1138; x_wconf 79' lang='lat' dir='ltr'><em>Oppidt&#39;us</em></span> <span class='ocrx_word' id='word_1_72' title='bbox 1240 1106 1262 1138; x_wconf 92' lang='lat'><em>,</em></span> <span class='ocrx_word' id='word_1_73' title='bbox 1332 1059 1474 1126; x_wconf 79' lang='lat' dir='ltr'><em>civis</em></span> <span class='ocrx_word' id='word_1_74' title='bbox 1535 1057 1845 1141; x_wconf 83' lang='lat' dir='ltr'><em>Canustnus</em></span> 
     </span>
     <span class='ocr_line' id='line_1_11' title="bbox 225 1142 1844 1225; baseline -0.002 -18"><span class='ocrx_word' id='word_1_75' title='bbox 225 1147 359 1207; x_wconf 78' lang='lat' dir='ltr'><em>er&#39;at</em></span> <span class='ocrx_word' id='word_1_76' title='bbox 383 1192 422 1223; x_wconf 89' lang='lat'><em>‚.</em></span> <span class='ocrx_word' id='word_1_77' title='bbox 458 1146 631 1207; x_wconf 77' lang='lat' dir='ltr'><em>homo</em></span> <span class='ocrx_word' id='word_1_78' title='bbox 676 1143 931 1225; x_wconf 80' lang='lat' dir='ltr'><em>locuples</em></span> <span class='ocrx_word' id='word_1_79' title='bbox 967 1142 1024 1206; x_wconf 73' lang='grc' dir='ltr'><em>δ’</em></span> <span class='ocrx_word' id='word_1_80' title='bbox 1073 1146 1140 1207; x_wconf 86' lang='lat' dir='ltr'><em>in</em></span> <span class='ocrx_word' id='word_1_81' title='bbox 1187 1150 1347 1208; x_wconf 70' lang='lat' dir='ltr'><em>avita</em></span> <span class='ocrx_word' id='word_1_82' title='bbox 1396 1166 1456 1206; x_wconf 85' lang='lat' dir='ltr'><em>re</em></span> <span class='ocrx_word' id='word_1_83' title='bbox 1506 1144 1713 1209; x_wconf 79' lang='lat' dir='ltr'><em>lautus,</em></span> <span class='ocrx_word' id='word_1_84' title='bbox 1777 1145 1844 1206; x_wconf 80' lang='lat' dir='ltr'><em>Is</em></span> 
     </span>
     <span class='ocr_line' id='line_1_12' title="bbox 225 1229 1848 1340; baseline -0.002 -45"><span class='ocrx_word' id='word_1_85' title='bbox 225 1232 447 1295; x_wconf 83' lang='lat' dir='ltr'><em>duobus</em></span> <span class='ocrx_word' id='word_1_86' title='bbox 471 1230 627 1340; x_wconf 71' lang='lat' dir='ltr'><em>filiis</em></span> <span class='ocrx_word' id='word_1_87' title='bbox 666 1233 807 1293; x_wconf 81' lang='lat' dir='ltr'><em>duos</em></span> <span class='ocrx_word' id='word_1_88' title='bbox 816 1229 1045 1312; x_wconf 75' lang='lat' dir='ltr'><em>fundos</em></span> <span class='ocrx_word' id='word_1_89' title='bbox 1089 1231 1333 1318; x_wconf 71' lang='lat' dir='ltr'><em>divififfi</em></span> <span class='ocrx_word' id='word_1_90' title='bbox 1374 1253 1692 1311; x_wconf 86' lang='lat' dir='ltr'><em>narratur,</em></span> <span class='ocrx_word' id='word_1_91' title='bbox 1723 1229 1848 1313; x_wconf 85' lang='lat' dir='ltr'><em>eos-&#39;-</em></span> 
     </span>
     <span class='ocr_line' id='line_1_13' title="bbox 227 1315 1845 1405; baseline 0 -26"><span class='ocrx_word' id='word_1_92' title='bbox 227 1340 340 1405; x_wconf 84' lang='lat' dir='ltr'><em>que</em></span> <span class='ocrx_word' id='word_1_93' title='bbox 365 1365 383 1397; x_wconf 94' lang='lat'>,</span> <span class='ocrx_word' id='word_1_94' title='bbox 431 1339 565 1382; x_wconf 89' lang='lat' dir='ltr'><em>cum</em></span> <span class='ocrx_word' id='word_1_95' title='bbox 596 1315 727 1400; x_wconf 87' lang='lat' dir='ltr'><em>jam</em></span> <span class='ocrx_word' id='word_1_96' title='bbox 768 1321 950 1380; x_wconf 89' lang='lat' dir='ltr'><em>morti</em></span> <span class='ocrx_word' id='word_1_97' title='bbox 963 1323 1276 1402; x_wconf 84' lang='lat' dir='ltr'><em>proximus</em></span> <span class='ocrx_word' id='word_1_98' title='bbox 1312 1319 1522 1402; x_wconf 71' lang='lat' dir='ltr'><em>foret,</em></span> <span class='ocrx_word' id='word_1_99' title='bbox 1571 1324 1652 1382; x_wconf 90' lang='lat' dir='ltr'><em>ad</em></span> <span class='ocrx_word' id='word_1_100' title='bbox 1669 1316 1845 1400; x_wconf 86' lang='lat' dir='ltr'><em>suum</em></span> 
     </span>
     <span class='ocr_line' id='line_1_14' title="bbox 227 1405 1842 1495; baseline -0.002 -25"><span class='ocrx_word' id='word_1_101' title='bbox 227 1406 418 1470; x_wconf 84' lang='lat' dir='ltr'><em>cubile</em></span> <span class='ocrx_word' id='word_1_102' title='bbox 441 1425 674 1469; x_wconf 77' lang='lat' dir='ltr'><em>vocatos</em></span> <span class='ocrx_word' id='word_1_103' title='bbox 689 1408 778 1490; x_wconf 88' lang='lat' dir='ltr'><em>fic</em></span> <span class='ocrx_word' id='word_1_104' title='bbox 815 1406 1100 1470; x_wconf 81' lang='lat' dir='ltr'><em>allocutus</em></span> <span class='ocrx_word' id='word_1_105' title='bbox 1119 1405 1307 1495; x_wconf 68' lang='lat' dir='ltr'><em>fuisse</em></span> <span class='ocrx_word' id='word_1_106' title='bbox 1336 1428 1353 1471; x_wconf 89' lang='lat'><em>.·</em></span> <span class='ocrx_word' id='word_1_107' title='bbox 1395 1408 1514 1473; x_wconf 77' lang='lat' dir='ltr'><em>Ubi</em></span> <span class='ocrx_word' id='word_1_108' title='bbox 1536 1427 1628 1487; x_wconf 87' lang='lat' dir='ltr'><em>te,</em></span> <span class='ocrx_word' id='word_1_109' title='bbox 1665 1405 1842 1478; x_wconf 83' lang='lat' dir='ltr'><em>Aule,</em></span> 
     </span>
     <span class='ocr_line' id='line_1_15' title="bbox 205 1491 1841 1582; baseline -0.001 -25"><span class='ocrx_word' id='word_1_110' title='bbox 205 1516 403 1558; x_wconf 55' lang='lat' dir='ltr'><em>›nuces</em></span> <span class='ocrx_word' id='word_1_111' title='bbox 428 1493 486 1558; x_wconf 65' lang='grc' dir='ltr'><em>δ’</em></span> <span class='ocrx_word' id='word_1_112' title='bbox 523 1494 672 1556; x_wconf 84' lang='lat' dir='ltr'><em>talos</em></span> <span class='ocrx_word' id='word_1_113' title='bbox 695 1495 1051 1581; x_wconf 80' lang='lat' dir='ltr'><em>negligenter</em></span> <span class='ocrx_word' id='word_1_114' title='bbox 1073 1498 1234 1558; x_wconf 75' lang='lat' dir='ltr'><em>intra</em></span> <span class='ocrx_word' id='word_1_115' title='bbox 1257 1496 1577 1582; x_wconf 79' lang='lat' dir='ltr'><em>togoefinus</em></span> <span class='ocrx_word' id='word_1_116' title='bbox 1594 1491 1841 1582; x_wconf 82' lang='lat' dir='ltr'><em>gestare,</em></span> 
     </span>
     <span class='ocr_line' id='line_1_16' title="bbox 227 1581 1841 1670; baseline -0.002 -25"><span class='ocrx_word' id='word_1_117' title='bbox 227 1584 440 1670; x_wconf 79' lang='lat' dir='ltr'><em>largiri</em></span> <span class='ocrx_word' id='word_1_118' title='bbox 488 1583 623 1645; x_wconf 83' lang='lat' dir='ltr'><em>aliis</em></span> <span class='ocrx_word' id='word_1_119' title='bbox 653 1625 672 1654; x_wconf 83' lang='lat'>,</span> <span class='ocrx_word' id='word_1_120' title='bbox 707 1581 844 1644; x_wconf 88' lang='lat' dir='ltr'><em>ludo</em></span> <span class='ocrx_word' id='word_1_121' title='bbox 872 1583 1199 1667; x_wconf 83' lang='lat' dir='ltr'><em>disperdere</em></span> <span class='ocrx_word' id='word_1_122' title='bbox 1238 1582 1513 1667; x_wconf 83' lang='lat' dir='ltr'><em>conspexi</em></span> <span class='ocrx_word' id='word_1_123' title='bbox 1536 1609 1561 1666; x_wconf 84' lang='lat'><em>‚·</em></span> <span class='ocrx_word' id='word_1_124' title='bbox 1601 1602 1657 1645; x_wconf 89' lang='lat' dir='ltr'><em>te</em></span> <span class='ocrx_word' id='word_1_125' title='bbox 1680 1604 1841 1662; x_wconf 80' lang='lat' dir='ltr'><em>vero,</em></span> 
     </span>
     <span class='ocr_line' id='line_1_17' title="bbox 233 1667 1844 1759; baseline -0.003 -23"><span class='ocrx_word' id='word_1_126' title='bbox 233 1671 493 1751; x_wconf 88' lang='lat' dir='ltr'><em>Tiberi,</em></span> <span class='ocrx_word' id='word_1_127' title='bbox 544 1667 774 1751; x_wconf 87' lang='lat' dir='ltr'><em>eosdem</em></span> <span class='ocrx_word' id='word_1_128' title='bbox 813 1671 1271 1759; x_wconf 82' lang='lat' dir='ltr'><em>magnifacere,</em></span> <span class='ocrx_word' id='word_1_129' title='bbox 1293 1672 1518 1755; x_wconf 80' lang='lat' dir='ltr'><em>soepius</em></span> <span class='ocrx_word' id='word_1_130' title='bbox 1540 1690 1844 1736; x_wconf 85' lang='lat' dir='ltr'><em>numerum</em></span> 
     </span>
     <span class='ocr_line' id='line_1_18' title="bbox 227 1760 1847 1844; baseline -0.001 -23"><span class='ocrx_word' id='word_1_131' title='bbox 227 1760 470 1821; x_wconf 90' lang='lat' dir='ltr'><em>illorum</em></span> <span class='ocrx_word' id='word_1_132' title='bbox 532 1762 684 1822; x_wconf 85' lang='lat' dir='ltr'><em>inire</em></span> <span class='ocrx_word' id='word_1_133' title='bbox 719 1805 742 1838; x_wconf 92' lang='lat'>‚</span> <span class='ocrx_word' id='word_1_134' title='bbox 791 1779 894 1821; x_wconf 90' lang='lat' dir='ltr'><em>nec</em></span> <span class='ocrx_word' id='word_1_135' title='bbox 934 1761 1061 1844; x_wconf 86' lang='lat' dir='ltr'><em>fine</em></span> <span class='ocrx_word' id='word_1_136' title='bbox 1111 1762 1296 1822; x_wconf 89' lang='lat' dir='ltr'><em>multa</em></span> <span class='ocrx_word' id='word_1_137' title='bbox 1335 1761 1737 1843; x_wconf 76' lang='lat' dir='ltr'><em>sollicitudine</em></span> <span class='ocrx_word' id='word_1_138' title='bbox 1782 1761 1847 1820; x_wconf 90' lang='lat' dir='ltr'><em>in</em></span> 
     </span>
     <span class='ocr_line' id='line_1_19' title="bbox 229 1846 1847 1934; baseline -0.001 -23"><span class='ocrx_word' id='word_1_139' title='bbox 229 1849 387 1911; x_wconf 76' lang='lat' dir='ltr'><em>cavis</em></span> <span class='ocrx_word' id='word_1_140' title='bbox 434 1847 728 1910; x_wconf 87' lang='lat' dir='ltr'><em>occultare</em></span> <span class='ocrx_word' id='word_1_141' title='bbox 789 1848 955 1926; x_wconf 81' lang='lat' dir='ltr'><em>vidi,</em></span> <span class='ocrx_word' id='word_1_142' title='bbox 1001 1851 1217 1912; x_wconf 76' lang='lat' dir='ltr'><em>veritus</em></span> <span class='ocrx_word' id='word_1_143' title='bbox 1271 1846 1411 1930; x_wconf 92' lang='lat' dir='ltr'><em>sum</em></span> <span class='ocrx_word' id='word_1_144' title='bbox 1462 1870 1535 1913; x_wconf 92' lang='lat' dir='ltr'><em>ne</em></span> <span class='ocrx_word' id='word_1_145' title='bbox 1589 1846 1847 1934; x_wconf 86' lang='lat' dir='ltr'><em>diffimili</em></span> 
     </span>
     <span class='ocr_line' id='line_1_20' title="bbox 229 1933 1851 2020; baseline -0.001 -23"><span class='ocrx_word' id='word_1_146' title='bbox 229 1948 472 2020; x_wconf 82' lang='lat' dir='ltr'><em>uterque</em></span> <span class='ocrx_word' id='word_1_147' title='bbox 513 1939 683 1997; x_wconf 90' lang='lat' dir='ltr'><em>modo</em></span> <span class='ocrx_word' id='word_1_148' title='bbox 736 1933 1069 2016; x_wconf 78' lang='lat' dir='ltr'><em>insaniretis</em></span> <span class='ocrx_word' id='word_1_149' title='bbox 1091 1984 1109 2015; x_wconf 92' lang='lat'>‚</span> <span class='ocrx_word' id='word_1_150' title='bbox 1159 1956 1294 1998; x_wconf 76' lang='lat' dir='ltr'><em>neve</em></span> <span class='ocrx_word' id='word_1_151' title='bbox 1341 1957 1403 2000; x_wconf 92' lang='lat' dir='ltr'><em>tu</em></span> <span class='ocrx_word' id='word_1_152' title='bbox 1427 1985 1445 2016; x_wconf 92' lang='lat'>‚</span> <span class='ocrx_word' id='word_1_153' title='bbox 1495 1936 1691 2015; x_wconf 86' lang='lat' dir='ltr'><em>Aule,</em></span> <span class='ocrx_word' id='word_1_154' title='bbox 1717 1939 1851 1999; x_wconf 88' lang='lat' dir='ltr'><em>No·-</em></span> 
     </span>
     <span class='ocr_line' id='line_1_21' title="bbox 230 2022 1849 2103; baseline 0 -17"><span class='ocrx_word' id='word_1_155' title='bbox 230 2041 567 2086; x_wconf 86' lang='lat' dir='ltr'><em>mentanum</em></span> <span class='ocrx_word' id='word_1_156' title='bbox 585 2047 609 2103; x_wconf 91' lang='lat'><em>;</em></span> <span class='ocrx_word' id='word_1_157' title='bbox 655 2043 718 2087; x_wconf 90' lang='lat' dir='ltr'><em>tu</em></span> <span class='ocrx_word' id='word_1_158' title='bbox 756 2044 889 2085; x_wconf 84' lang='lat' dir='ltr'><em>vero</em></span> <span class='ocrx_word' id='word_1_159' title='bbox 931 2071 953 2103; x_wconf 93' lang='lat'><em>,</em></span> <span class='ocrx_word' id='word_1_160' title='bbox 1012 2022 1260 2102; x_wconf 84' lang='lat' dir='ltr'><em>Tiberi,</em></span> <span class='ocrx_word' id='word_1_161' title='bbox 1317 2026 1579 2090; x_wconf 78' lang='lat' dir='ltr'><em>Cicutam</em></span> <span class='ocrx_word' id='word_1_162' title='bbox 1635 2025 1849 2086; x_wconf 89' lang='lat' dir='ltr'><em>imita-</em></span> 
     </span>
     <span class='ocr_line' id='line_1_22' title="bbox 205 2108 1849 2195; baseline -0.002 -21"><span class='ocrx_word' id='word_1_163' title='bbox 205 2115 399 2175; x_wconf 71' lang='lat' dir='ltr'><em>reris.</em></span> <span class='ocrx_word' id='word_1_164' title='bbox 447 2115 659 2195; x_wconf 83' lang='lat' dir='ltr'><em>Itaque</em></span> <span class='ocrx_word' id='word_1_165' title='bbox 701 2132 803 2173; x_wconf 81' lang='lat' dir='ltr'><em>vos</em></span> <span class='ocrx_word' id='word_1_166' title='bbox 854 2108 1038 2172; x_wconf 68' lang='lat' dir='ltr'><em>ambo&#39;</em></span> <span class='ocrx_word' id='word_1_167' title='bbox 1063 2132 1178 2193; x_wconf 88' lang='lat' dir='ltr'><em>per</em></span> <span class='ocrx_word' id='word_1_168' title='bbox 1212 2113 1378 2175; x_wconf 84' lang='lat' dir='ltr'><em>Deos</em></span> <span class='ocrx_word' id='word_1_169' title='bbox 1430 2117 1687 2175; x_wconf 81' lang='lat' dir='ltr'><em>Penates</em></span> <span class='ocrx_word' id='word_1_170' title='bbox 1743 2131 1849 2172; x_wconf 92' lang='lat' dir='ltr'><em>oro</em></span> 
     </span>
     <span class='ocr_line' id='line_1_23' title="bbox 231 2197 1851 2294; baseline -0.002 -32"><span class='ocrx_word' id='word_1_171' title='bbox 231 2219 407 2285; x_wconf 80' lang='lat' dir='ltr'><em>atque</em></span> <span class='ocrx_word' id='word_1_172' title='bbox 443 2198 694 2283; x_wconf 83' lang='lat' dir='ltr'><em>obtestor</em></span> <span class='ocrx_word' id='word_1_173' title='bbox 715 2245 735 2277; x_wconf 94' lang='lat'>,</span> <span class='ocrx_word' id='word_1_174' title='bbox 771 2217 826 2261; x_wconf 92' lang='lat' dir='ltr'><em>te</em></span> <span class='ocrx_word' id='word_1_175' title='bbox 869 2201 1098 2283; x_wconf 84' lang='lat' dir='ltr'><em>quidem</em></span> <span class='ocrx_word' id='word_1_176' title='bbox 1126 2248 1149 2279; x_wconf 90' lang='lat'><em>‚</em></span> <span class='ocrx_word' id='word_1_177' title='bbox 1189 2211 1255 2260; x_wconf 89' lang='lat' dir='ltr'><em>ut</em></span> <span class='ocrx_word' id='word_1_178' title='bbox 1280 2222 1364 2269; x_wconf 73' lang='lat' dir='ltr'><em>,ne</em></span> <span class='ocrx_word' id='word_1_179' title='bbox 1413 2221 1535 2294; x_wconf 61' lang='lat' dir='ltr'><em>regi</em></span> <span class='ocrx_word' id='word_1_180' title='bbox 1561 2197 1851 2281; x_wconf 80' lang='lat' dir='ltr'><em>familia-</em></span> 
     </span>
     <span class='ocr_line' id='line_1_24' title="bbox 236 2288 1850 2368; baseline -0.002 -19"><span class='ocrx_word' id='word_1_181' title='bbox 236 2309 357 2350; x_wconf 86' lang='lat' dir='ltr'><em>rem</em></span> <span class='ocrx_word' id='word_1_182' title='bbox 394 2289 706 2348; x_wconf 80' lang='lat' dir='ltr'><em>imminuas</em></span> <span class='ocrx_word' id='word_1_183' title='bbox 745 2307 814 2348; x_wconf 87' lang='lat' dir='ltr'><em>ac</em></span> <span class='ocrx_word' id='word_1_184' title='bbox 849 2288 1077 2348; x_wconf 80' lang='lat' dir='ltr'><em>deteras</em></span> <span class='ocrx_word' id='word_1_185' title='bbox 1103 2310 1124 2367; x_wconf 90' lang='lat'><em>‚·</em></span> <span class='ocrx_word' id='word_1_186' title='bbox 1169 2305 1224 2348; x_wconf 87' lang='lat' dir='ltr'><em>te</em></span> <span class='ocrx_word' id='word_1_187' title='bbox 1257 2308 1390 2349; x_wconf 83' lang='lat' dir='ltr'><em>vero</em></span> <span class='ocrx_word' id='word_1_188' title='bbox 1418 2337 1440 2368; x_wconf 90' lang='lat'><em>‚</em></span> <span class='ocrx_word' id='word_1_189' title='bbox 1482 2306 1549 2350; x_wconf 88' lang='lat' dir='ltr'><em>ut</em></span> <span class='ocrx_word' id='word_1_190' title='bbox 1588 2289 1850 2349; x_wconf 86' lang='lat' dir='ltr'><em>eamdem</em></span> 
     </span>
     <span class='ocr_line' id='line_1_25' title="bbox 234 2373 1852 2461; baseline -0.002 -23"><span class='ocrx_word' id='word_1_191' title='bbox 234 2396 308 2438; x_wconf 92' lang='lat' dir='ltr'><em>ne</em></span> <span class='ocrx_word' id='word_1_192' title='bbox 337 2377 545 2459; x_wconf 70' lang='lat' dir='ltr'><em>augere</em></span> <span class='ocrx_word' id='word_1_193' title='bbox 591 2393 751 2436; x_wconf 78' lang='lat' dir='ltr'><em>cures</em></span> <span class='ocrx_word' id='word_1_194' title='bbox 779 2420 800 2451; x_wconf 90' lang='lat'><strong><em>,</em></strong></span> <span class='ocrx_word' id='word_1_195' title='bbox 850 2393 954 2436; x_wconf 90' lang='lat' dir='ltr'><em>aut</em></span> <span class='ocrx_word' id='word_1_196' title='bbox 1000 2395 1067 2435; x_wconf 91' lang='lat' dir='ltr'><em>ea</em></span> <span class='ocrx_word' id='word_1_197' title='bbox 1103 2373 1253 2435; x_wconf 87' lang='lat' dir='ltr'><em>bona</em></span> <span class='ocrx_word' id='word_1_198' title='bbox 1287 2378 1647 2461; x_wconf 75' lang='lat' dir='ltr'><em>amplificare</em></span> <span class='ocrx_word' id='word_1_199' title='bbox 1675 2419 1693 2450; x_wconf 91' lang='lat'>‚</span> <span class='ocrx_word' id='word_1_200' title='bbox 1718 2393 1852 2457; x_wconf 80' lang='lat' dir='ltr'><em>quae</em></span> 
     </span>
     <span class='ocr_line' id='line_1_26' title="bbox 237 2459 1853 2546; baseline -0.001 -21"><span class='ocrx_word' id='word_1_201' title='bbox 237 2466 322 2525; x_wconf 81' lang='lat' dir='ltr'><em>aii</em></span> <span class='ocrx_word' id='word_1_202' title='bbox 356 2464 537 2525; x_wconf 84' lang='lat' dir='ltr'><em>vitam</em></span> <span class='ocrx_word' id='word_1_203' title='bbox 581 2459 910 2525; x_wconf 84' lang='lat' dir='ltr'><em>liberaliter</em></span> <span class='ocrx_word' id='word_1_204' title='bbox 961 2459 1020 2523; x_wconf 69' lang='grc' dir='ltr'><em>δ’</em></span> <span class='ocrx_word' id='word_1_205' title='bbox 1078 2460 1311 2546; x_wconf 71' lang='lat' dir='ltr'><em>honeste</em></span> <span class='ocrx_word' id='word_1_206' title='bbox 1364 2459 1853 2542; x_wconf 71' lang='lat' dir='ltr'><em>vivendam-satis</em></span> 
     </span>
     <span class='ocr_line' id='line_1_27' title="bbox 236 2545 1853 2638; baseline -0.002 -25"><span class='ocrx_word' id='word_1_207' title='bbox 236 2547 352 2638; x_wconf 73' lang='lat' dir='ltr'><em>effe</em></span> <span class='ocrx_word' id='word_1_208' title='bbox 391 2569 569 2632; x_wconf 89' lang='lat' dir='ltr'><em>pater</em></span> <span class='ocrx_word' id='word_1_209' title='bbox 608 2549 997 2635; x_wconf 64' lang='lat' dir='ltr'><em>existimarit,</em></span> <span class='ocrx_word' id='word_1_210' title='bbox 1049 2545 1106 2610; x_wconf 71' lang='grc' dir='ltr'><em>δ’</em></span> <span class='ocrx_word' id='word_1_211' title='bbox 1172 2570 1415 2632; x_wconf 81' lang='lat' dir='ltr'><em>quorum</em></span> <span class='ocrx_word' id='word_1_212' title='bbox 1473 2552 1853 2633; x_wconf 85' lang='lat' dir='ltr'><em>cupiditatem</em></span> 
     </span>
     <span class='ocr_line' id='line_1_28' title="bbox 237 2634 1853 2727; baseline -0.002 -25"><span class='ocrx_word' id='word_1_213' title='bbox 237 2659 410 2725; x_wconf 84' lang='lat' dir='ltr'><em>atque</em></span> <span class='ocrx_word' id='word_1_214' title='bbox 432 2636 596 2719; x_wconf 90' lang='lat' dir='ltr'><em>usum</em></span> <span class='ocrx_word' id='word_1_215' title='bbox 624 2658 836 2701; x_wconf 89' lang='lat' dir='ltr'><em>natura</em></span> <span class='ocrx_word' id='word_1_216' title='bbox 864 2638 1038 2699; x_wconf 81' lang='lat' dir='ltr'><em>certis</em></span> <span class='ocrx_word' id='word_1_217' title='bbox 1075 2634 1294 2720; x_wconf 82' lang='lat' dir='ltr'><em>legibus</em></span> <span class='ocrx_word' id='word_1_218' title='bbox 1316 2639 1606 2727; x_wconf 76' lang='lat' dir='ltr'><em>astringit.</em></span> <span class='ocrx_word' id='word_1_219' title='bbox 1659 2642 1853 2700; x_wconf 81' lang='lat' dir='ltr'><em>Prae-</em></span> 
     </span>
     <span class='ocr_line' id='line_1_29' title="bbox 237 2720 1909 2811; baseline -0.004 -20"><span class='ocrx_word' id='word_1_220' title='bbox 237 2723 414 2791; x_wconf 65' lang='lat' dir='ltr'><em>terea&#39;</em></span> <span class='ocrx_word' id='word_1_221' title='bbox 442 2727 613 2795; x_wconf 81' lang='lat' dir='ltr'><em>velim</em></span> <span class='ocrx_word' id='word_1_222' title='bbox 658 2727 770 2789; x_wconf 79' lang='lat' dir='ltr'><em>lzoc</em></span> <span class='ocrx_word' id='word_1_223' title='bbox 814 2725 963 2786; x_wconf 89' lang='lat' dir='ltr'><em>milzi</em></span> <span class='ocrx_word' id='word_1_224' title='bbox 1005 2720 1209 2807; x_wconf 86' lang='lat' dir='ltr'><em>jurari</em></span> <span class='ocrx_word' id='word_1_225' title='bbox 1263 2728 1630 2805; x_wconf 82' lang='lat' dir='ltr'><em>promittatis</em></span> <span class='ocrx_word' id='word_1_226' title='bbox 1657 2771 1675 2803; x_wconf 94' lang='lat'>,</span> <span class='ocrx_word' id='word_1_227' title='bbox 1711 2721 1859 2805; x_wconf 74' lang='lat' dir='ltr'><em>fore</em></span> <span class='ocrx_word' id='word_1_228' title='bbox 1891 2788 1909 2811; x_wconf 41' lang='lat'><em>⁶</em></span> 
     </span>
     <span class='ocr_line' id='line_1_30' title="bbox 236 2809 1855 2898; baseline -0.004 -21"><span class='ocrx_word' id='word_1_229' title='bbox 236 2836 304 2880; x_wconf 88' lang='lat' dir='ltr'><em>ut</em></span> <span class='ocrx_word' id='word_1_230' title='bbox 338 2834 633 2898; x_wconf 81' lang='lat' dir='ltr'><em>nunquam</em></span> <span class='ocrx_word' id='word_1_231' title='bbox 675 2835 774 2876; x_wconf 79' lang='lat' dir='ltr'><em>vos</em></span> <span class='ocrx_word' id='word_1_232' title='bbox 817 2810 1023 2893; x_wconf 86' lang='lat' dir='ltr'><em>insana</em></span> <span class='ocrx_word' id='word_1_233' title='bbox 1066 2811 1282 2895; x_wconf 77' lang='lat' dir='ltr'><em>gloriae</em></span> <span class='ocrx_word' id='word_1_234' title='bbox 1322 2815 1533 2894; x_wconf 88' lang='lat' dir='ltr'><em>cupido</em></span> <span class='ocrx_word' id='word_1_235' title='bbox 1569 2809 1855 2874; x_wconf 80' lang='lat' dir='ltr'><em>illecebris</em></span> 
     </span>
     <span class='ocr_line' id='line_1_31' title="bbox 221 2895 1865 2989; baseline -0.004 -24"><span class='ocrx_word' id='word_1_236' title='bbox 221 2903 354 2989; x_wconf 84' lang='lat' dir='ltr'><em>suis</em></span> <span class='ocrx_word' id='word_1_237' title='bbox 392 2904 656 2966; x_wconf 90' lang='lat' dir='ltr'><em>deliniat.</em></span> <span class='ocrx_word' id='word_1_238' title='bbox 706 2905 917 2984; x_wconf 83' lang='lat' dir='ltr'><em>Itaque</em></span> <span class='ocrx_word' id='word_1_239' title='bbox 969 2918 1103 2961; x_wconf 87' lang='lat' dir='ltr'><em>uter</em></span> <span class='ocrx_word' id='word_1_240' title='bbox 1147 2899 1391 2982; x_wconf 67' lang='lat' dir='ltr'><em>vestrum</em></span> <span class='ocrx_word' id='word_1_241' title='bbox 1421 2947 1442 2978; x_wconf 89' lang='lat'><strong><em>,</em></strong></span> <span class='ocrx_word' id='word_1_242' title='bbox 1495 2900 1730 2962; x_wconf 79' lang='lat' dir='ltr'><em>AEdilis</em></span> <span class='ocrx_word' id='word_1_243' title='bbox 1767 2895 1865 2959; x_wconf 78' lang='lat' dir='ltr'><em>vel</em></span> 
     </span>
     <span class='ocr_line' id='line_1_32' title="bbox 239 2983 1857 3073; baseline -0.006 -19"><span class='ocrx_word' id='word_1_244' title='bbox 239 2997 495 3060; x_wconf 58' lang='lat' dir='ltr'><em>Praetor·</em></span> <span class='ocrx_word' id='word_1_245' title='bbox 522 2989 762 3073; x_wconf 84' lang='lat' dir='ltr'><em>fuerit,</em></span> <span class='ocrx_word' id='word_1_246' title='bbox 808 2985 937 3049; x_wconf 74' lang='lat' dir='ltr'><em>eum</em></span> <span class='ocrx_word' id='word_1_247' title='bbox 991 3007 1125 3071; x_wconf 85' lang='lat' dir='ltr'><em>ergo</em></span> <span class='ocrx_word' id='word_1_248' title='bbox 1160 2983 1554 3071; x_wconf 81' lang='lat' dir='ltr'><em>detestabilem</em></span> <span class='ocrx_word' id='word_1_249' title='bbox 1581 3034 1602 3065; x_wconf 91' lang='lat'><em>,</em></span> <span class='ocrx_word' id='word_1_250' title='bbox 1652 2987 1857 3063; x_wconf 87' lang='lat' dir='ltr'><em>omni·-</em></span> 
     </span>
     <span class='ocr_line' id='line_1_33' title="bbox 239 3074 1859 3168; baseline -0.006 -24"><span class='ocrx_word' id='word_1_251' title='bbox 239 3102 348 3168; x_wconf 86' lang='lat' dir='ltr'><em>que</em></span> <span class='ocrx_word' id='word_1_252' title='bbox 395 3081 490 3144; x_wconf 81' lang='lat' dir='ltr'><em>vel</em></span> <span class='ocrx_word' id='word_1_253' title='bbox 529 3078 816 3140; x_wconf 87' lang='lat' dir='ltr'><em>condendi</em></span> <span class='ocrx_word' id='word_1_254' title='bbox 861 3077 1230 3161; x_wconf 85' lang='lat' dir='ltr'><em>testamenti,</em></span> <span class='ocrx_word' id='word_1_255' title='bbox 1278 3075 1371 3137; x_wconf 81' lang='lat' dir='ltr'><em>vel</em></span> <span class='ocrx_word' id='word_1_256' title='bbox 1418 3076 1650 3139; x_wconf 87' lang='lat' dir='ltr'><em>dicendi</em></span> <span class='ocrx_word' id='word_1_257' title='bbox 1690 3074 1859 3159; x_wconf 89' lang='lat' dir='ltr'><em>testi-</em></span> 
     </span>
    </p>
   </div>
   <div class='ocr_carea' id='block_1_3' title="bbox 240 3160 1959 3252">
    <p class='ocr_par' dir='ltr' id='par_1_3' title="bbox 240 3160 1959 3252">
     <span class='ocr_line' id='line_1_34' title="bbox 240 3160 1959 3252; baseline -0.007 -20"><span class='ocrx_word' id='word_1_258' title='bbox 240 3171 431 3232; x_wconf 88' lang='lat' dir='ltr'><em>monii</em></span> <span class='ocrx_word' id='word_1_259' title='bbox 477 3163 622 3252; x_wconf 84' lang='lat' dir='ltr'><em>jure</em></span> <span class='ocrx_word' id='word_1_260' title='bbox 650 3165 976 3248; x_wconf 75' lang='lat' dir='ltr'><em>spoliatum</em></span> <span class='ocrx_word' id='word_1_261' title='bbox 1037 3160 1151 3248; x_wconf 76' lang='lat' dir='ltr'><em>effe</em></span> <span class='ocrx_word' id='word_1_262' title='bbox 1197 3160 1347 3230; x_wconf 66' lang='lat' dir='ltr'><em>irolo.</em></span> <span class='ocrx_word' id='word_1_263' title='bbox 1406 3166 1499 3227; x_wconf 89' lang='lat' dir='ltr'><em>Tu</em></span> <span class='ocrx_word' id='word_1_264' title='bbox 1541 3185 1614 3225; x_wconf 86' lang='lat' dir='ltr'><em>ne</em></span> <span class='ocrx_word' id='word_1_265' title='bbox 1647 3161 1858 3244; x_wconf 84' lang='lat' dir='ltr'><em>patri·</em></span> <span class='ocrx_word' id='word_1_266' title='bbox 1953 3233 1959 3237; x_wconf 66' lang='lat'><em>.</em></span> 
     </span>
    </p>
   </div>
   <div class='ocr_carea' id='block_1_4' title="bbox 238 3247 1862 3340">
    <p class='ocr_par' dir='ltr' id='par_1_4' title="bbox 238 3247 1862 3340">
     <span class='ocr_line' id='line_1_35' title="bbox 238 3247 1862 3340; baseline -0.009 -14"><span class='ocrx_word' id='word_1_267' title='bbox 238 3259 502 3326; x_wconf 85' lang='lat' dir='ltr'><em>monium</em></span> <span class='ocrx_word' id='word_1_268' title='bbox 564 3255 854 3340; x_wconf 67' lang='lat' dir='ltr'><em>dilapides</em></span> <span class='ocrx_word' id='word_1_269' title='bbox 911 3250 1320 3339; x_wconf 79' lang='lat' dir='ltr'><em>largitionibus</em></span> <span class='ocrx_word' id='word_1_270' title='bbox 1357 3298 1383 3336; x_wconf 92' lang='lat'><em>,</em></span> <span class='ocrx_word' id='word_1_271' title='bbox 1457 3271 1523 3316; x_wconf 86' lang='lat' dir='ltr'><em>tu</em></span> <span class='ocrx_word' id='word_1_272' title='bbox 1572 3269 1645 3315; x_wconf 84' lang='lat' dir='ltr'><em>ne</em></span> <span class='ocrx_word' id='word_1_273' title='bbox 1706 3247 1862 3311; x_wconf 84' lang='lat' dir='ltr'><em>illud</em></span> 
     </span>
    </p>
   </div>
  </div>
 </body>
</html>
