2269 3773
577 241 755 329 Lib.
817 239 891 325 I.
953 240 1225 346 satim
1283 240 1355 327 I.
1623 245 1794 354 267

148 379 346 457 Quem
372 374 560 460 igitur
578 371 689 459 effe
712 394 803 436 me
821 370 992 456 jubes
1011 420 1029 453 ,
1070 376 1299 438 Horati
1321 370 1360 438 ,7
1399 394 1603 457 nempe
1624 379 1789 438 Nae-

147 465 251 526 vio
281 463 535 545 similem
563 510 587 544 ,
632 482 738 526 aut
779 459 1217 526 Nomentano?
1264 465 1357 527 At
1396 481 1461 525 tu
1486 511 1510 544 ,
1550 461 1791 547 peffim2

149 554 509 615 ratiocinari
543 554 787 637 pergis,
831 572 900 612 ac
946 554 1058 612 cluo
1110 552 1425 614 admodum
1465 551 1690 633 diversa
1733 548 1795 613 ὅ·

150 636 447 722 disjunc7a
490 636 816 726 conjungis.
873 634 1021 703 Citm
1064 657 1121 701 te
1172 639 1243 701 ab
1290 641 1549 702 auaritia
1590 644 1794 701 deter-

153 748 256 788 reo
285 737 310 804 ',
362 749 480 790 non
513 727 623 791 tibi
671 723 947 791 continuo
997 725 1200 790 auc‘lor
1220 727 1359 810 sum
1386 776 1404 809 ,
1452 746 1519 789 ut
1540 727 1793 810 prosus?

152 835 232 877 aa
268 813 566 880 luxuriose
601 818 762 879 rivas
813 837 833 879 .·
876 818 1037 878 inter
1074 815 1206 879 haec
1251 821 1365 879 duo
1408 835 1675 878 extrema
1730 815 1792 880 f.-

148 906 460 965 contraria
494 950 512 982 ‚
569 904 803 988 aliquid
849 905 1104 967 medium
1159 907 1278 990 est,
1327 923 1396 967 ut
1438 905 1601 966 inter
1648 907 1712 968 T
1707 928 1787 966 a·-

149 995 317 1051 na‘im
347 989 405 1053 δ’
442 990 674 1075 V'zsellii
686 992 976 1077 socerum.
1000 992 1139 1078 ,Est
1175 1013 1335 1055 certa
1371 992 1535 1055 rebus
1564 995 1628 1055 in
1654 1017 1788 1055 om-

148 1077 321 1140 nibus
343 1083 719 1144 mediocritas
741 1128 760 1161 ,
800 1082 946 1143 certi
970 1080 1188 1143 limites
1207 1130 1229 1161 ‚
1271 1093 1414 1165 quos
1438 1081 1496 1164 fi
1518 1081 1787 1162 velprae-

149 1171 511 1251 tergrediare
533 1217 556 1248 ,
607 1170 701 1233 vel
746 1191 864 1233 non
906 1170 1164 1253 attingas
1186 1216 1208 1247 ‚
1260 1165 1402 1230 rec-72·
1452 1187 1625 1252 atque
1670 1169 1788 1231 ho·-

147 1251 306 1339 neste
344 1278 589 1340 nequeas
626 1260 832 1321 vivere.
880 1259 1008 1320 Sed
1038 1252 1105 1318 εὸ
1144 1275 1434 1334 revertor,
1472 1258 1624 1317 unde
1646 1255 1788 1336 sum

144 1339 432 1427 digreb'its
455 1393 478 1425 ,
527 1342 609 1407 &j
632 1346 858 1418 miror,
908 1344 1196 1429 simulque
1249 1345 1576 1428 indignor,
1629 1340 1796 1427 quod

145 1451 319 1492 nemo
348 1432 433 1515 fit
467 1454 675 1496 avarus
697 1480 717 1516 ‚
760 1451 928 1517 quem
948 1429 1085 1513 suae
1107 1429 1295 1513 sortis
1335 1430 1394 1494 ἃ*
1429 1432 1785 1496 conditionis

147 1538 271 1580 non
307 1522 599 1600 pa’niteat
616 1569 638 1600 ,
681 1524 782 1605 qui
822 1542 937 1582 non
968 1519 1220 1581 alienam
1256 1539 1576 1622 proeponat
1600 1517 1783 1600 suae:

142 1602 311 1688 quod
334 1607 533 1670 dolore
574 1609 965 1692 conficiatur,
1014 1600 1147 1669 citm
1177 1608 1357 1670 vicini
1396 1607 1649 1691 capellas
1679 1610 1782 1670 vi·-

145 1696 249 1756 det
298 1694 507 1758 Izabere
550 1697 825 1779 pleniora
871 1693 1035 1757 lac'lis
1077 1695 1256 1758 ubera
1286 1744 1310 1777 ,
1375 1694 1552 1782 qucim
1583 1693 1729 1776 filas
1750 1721 1778 1778 ,·

145 1802 332 1866 neque
379 1784 447 1845 id
501 1803 727 1867 reputet
760 1782 962 1866 secum
1006 1805 1075 1844 ac
1124 1788 1458 1867 perpendat
1495 1834 1519 1867 ,
1590 1783 1779 1849 multo

130 1869 341 1952 plures
387 1866 500 1954 effe
540 1920 559 1953 ,
609 1895 895 1956 pauperes
917 1919 940 1952 ,
997 1893 1142 1956 quos
1191 1872 1393 1954 opibus
1436 1875 1778 1955 antecedit,

146 1953 325 2043 quam
368 1962 572 2023 divites
599 1959 636 2023 ὰ
659 1963 861 2047 quibus
884 1962 1140 2023 vincitur
1163 1980 1181 2023 .·
1207 1956 1368 2044 quod
1383 1965 1556 2022 modo
1580 1962 1735 2025 lzunc
1747 2011 1775 2043 ,

144 2050 318 2107 modo
366 2047 535 2110 illum
585 2069 871 2129 conetur,
917 2051 1142 2109 anteire
1166 2095 1187 2127 ,
1230 2069 1404 2132 atque
1448 2050 1531 2110 ad
1572 2046 1780 2131 majo-

146 2156 239 2196 res
266 2138 526 2218 quotidie
564 2160 699 2220 opes
728 2135 1011 2201 anhelans
1033 2183 1052 2216 ,
1093 2130 1249 2220 aegre
1277 2133 1449 2216 serat
1477 2156 1778 2199 occurrere

132 2221 252 2307 fibi
281 2220 520 2306 semper
557 2227 810 2311 aliquem
848 2227 1120 2288 ditiorem
1147 2271 1171 2304 ,
1217 2218 1254 2283 ὰ
1283 2244 1399 2307 quo
1445 2223 1783 2289 inhibeatur

151 2306 212 2371 ἃ
266 2330 666 2376 antevertatur
715 2334 735 2378 .·
797 2314 958 2375 haud
995 2309 1169 2393 secus
1228 2329 1402 2395 atque
1460 2315 1782 2397 agitatores

143 2417 424 2482 equorum
462 2402 526 2463 in
570 2404 741 2466 Circo
766 2449 789 2481 ,
832 2400 932 2463 ubi
948 2398 1140 2482 semel
1172 2395 1202 2461 ὲ
1237 2400 1558 2463 carceribus
1595 2403 1781 2488 emisti
1838 2467 1845 2474 ,

124 2484 309 2568 fuere
356 2510 555 2552 currus
577 2538 600 2570 ,
652 2492 816 2552 omni
859 2511 967 2573 ope
1005 2508 1178 2574 atque
1216 2491 1398 2570 opera
1432 2509 1770 2572 conantur,

142 2595 321 2659 equos
360 2573 398 2639 ὰ
438 2577 639 2661 quibus
662 2573 1027 2661 superantur
1053 2573 1277 2661 affequi
1322 2572 1381 2638 δ’
1410 2582 1773 2657 praeterire:

127 2682 351 2748 parum
398 2667 570 2728 cleiis
605 2685 749 2752 quos
788 2666 1188 2750 reliquerunt,
1237 2668 1451 2751 quique
1477 2669 1775 2750 postremo

141 2770 386 2816 currunt
423 2753 553 2817 loco
580 2799 604 2833 ,
642 2752 921 2835 Jblliciti.
989 2754 1248 2817 Omnino
1298 2752 1430 2815 lzoec
1478 2755 1661 2818 libido
1713 2753 1776 2819 δ’

141 2838 354 2923 vitiosa
391 2844 681 2924 cupiditas
717 2842 1153 2927 amplificandoe
1188 2843 1375 2926 magis
1417 2844 1481 2903 in
1523 2846 1645 2905 dies
1688 2846 1775 2906 rei

143 2927 204 2993 δ’
229 2931 587 2993 conditionis
613 2931 696 3016 Jit
723 2955 747 3012 ,·
798 2935 861 2994 in
905 2932 1084 2992 causa
1129 2930 1212 3013 est
1246 2950 1350 2991 cur
1370 2931 1475 2993 vix
1514 2933 1773 2995 invenire

126 3019 408 3104 poffimus
454 3019 794 3097 hominem,
847 3022 949 3104 qui
992 3016 1101 3099 fe,
1139 3021 1276 3102 post
1314 3015 1614 3100 decursum
1661 3023 1777 3082 vi-'

136 3110 308 3170 vendi
322 3107 589 3190 spatium
613 3155 636 3188 ,
673 3107 917 3191 felicem
952 3103 1160 3192 vixiffe
1185 3110 1347 3169 dicat
1368 3155 1390 3186 ,
1434 3105 1506 3169 ac
1543 3111 1614 3171 de
1646 3112 1772 3172 vita

135 3215 418 3281 tanquam
460 3199 530 3259 de
555 3196 716 3257 lauto
760 3197 1018 3258 convivio
1038 3194 1219 3276 satur
1236 3243 1259 3275 ,
1302 3199 1599 3280 demijt‘et.
1646 3201 1776 3260 Sed

116 3288 310 3367 finem
335 3287 435 3351 lzic
461 3285 695 3349 dicendi
726 3282 898 3366 facio
923 3332 948 3368 ,
997 3304 1068 3347 ne
1094 3305 1186 3347 me
1232 3282 1665 3433 Ciiffii'lififpi
1700 3305 1773 3348 ac

1239 3373 1289 3435 lv
1366 3392 1408 3456 ι)
