2269 3773
509 228 689 319 Lib.
751 225 821 316 Ῑ.
884 230 1154 315 Satira
1212 233 1372 316 ΙΧ.·
1597 260 1758 348 344,

129 362 342 428 dolore
369 409 388 444 ,
452 383 558 429 aut
596 366 729 453 tuffi
748 415 771 447 ,
819 384 924 428 aut
964 368 1240 454 podagra
1260 414 1282 446 ,
1338 365 1565 447 peribit
1607 383 1625 426 .·
1653 364 1772 448 sed

118 453 405 539 garrulus
452 455 671 540 aliquis
727 472 856 518 eum
895 455 1213 540 aliquando
1252 455 1546 534 enecabit;
1590 451 1628 515 ὰ
1665 454 1770 514 lo·

128 543 450 626 quacibus,
493 564 804 628 eorumque
842 539 1141 630 congreffit
1166 590 1184 627 ,
1213 542 1271 628 fi
1308 541 1635 626 consultum
1662 540 1771 624 sa·-
1818 564 1823 571 ·

128 630 248 692 luti
273 628 413 712 sitae
445 632 591 695 velit
614 678 636 710 ,
690 630 1007 718 affinem,
1058 632 1159 694 ubi
1186 635 1475 718 grandior
1493 630 1760 716 evaserit.

124 719 273 785 Iam
311 722 484 782 liorae'
522 740 779 805 quatuor
815 720 885 782 ab
924 739 1056 783 orto
1073 717 1206 802 Jble
1230 722 1585 804 fluxerant,
1630 713 1766 783 citm

126 806 304 868 ambo
334 811 416 870 ad
433 809 711 891 templum
758 806 950 895 Vestae
975 811 1301 871 devenimus
1325 858 1347 888 ‚
1391 830 1571 894 eoque
1618 828 1766 871 tem-

114 916 275 978 pore
321 916 481 959 meus
516 895 789 981 garrulus
826 896 988 959 obire
1015 899 1410 960 vadimonium
1432 943 1451 975 ,
1477 896 1658 982 seque
1700 900 1765 961 in

114 980 359 1066 judicio
388 983 587 1070 sistere
613 1032 634 1064 ‚
677 983 872 1070 ibique
913 981 1253 1066 respondere
1278 988 1609 1068 adversario
1657 989 1768 1049 de-
1826 1061 1843 1072 q

129 1071 351 1149 bebai,
402 1072 512 1156 nifi
568 1072 742 1137 vellet
794 1073 961 1135 litem
998 1076 1285 1136 amittere.
1347 1077 1551 1159 Igitur
1587 1095 1760 1137 orare

130 1181 226 1220 me
273 1162 493 1245 institit
516 1210 538 1240 ,
586 1180 654 1224 ut
684 1158 884 1244 secum
922 1156 1100 1241 injus
1136 1164 1408 1224 venirem.
1438 1165 1563 1227 Hic
1610 1182 1759 1249 ego:

126 1244 486 1329 Dispeream
511 1297 531 1328 ,
567 1250 624 1335 fi
647 1251 813 1334 stare
857 1251 918 1311 in
958 1244 1099 1330 jure
1128 1246 1188 1310 δ’
1231 1246 1419 1334 adeffe
1459 1252 1568 1312 tibi
1604 1249 1760 1332 pos-

109 1333 260 1418 sum
279 1359 304 1414 ;
353 1338 466 1409 lzuc
532 1341 680 1400 adde
728 1342 889 1421 quod
918 1332 1081 1420 juris
1138 1333 1433 1417 formulas
1483 1336 1541 1400 δ’
1606 1339 1763 1424 leges

113 1421 373 1507 prorsus
403 1427 609 1510 ignoro
654 1443 671 1486 .·
700 1428 946 1510 denique
970 1425 1112 1486 illuc
1143 1423 1364 1510 festino
1393 1472 1416 1504 ,
1439 1422 1550 1509 qui)
1585 1429 1757 1512 nosti.

136 1513 296 1575 Tum
346 1513 453 1576 ille
504 1532 522 1576 .·
568 1511 807 1595 Anceps
844 1510 902 1575 &-
947 1513 1228 1575 incertus‘
1257 1515 1452 1577 lzaereo
1477 1562 1499 1593 ,
1559 1533 1760 1577 utrum

49 1619 55 1622 ⁴
127 1617 188 1662 te
221 1597 523 1683 deseram,
565 1623 642 1664 an
683 1593 845 1664 litem
886 1621 1071 1663 meam
1108 1620 1127 1662 .·
1176 1600 1326 1665 Ale!
1368 1598 1563 1686 qua’sb
1590 1651 1610 1683 ,
1654 1605 1760 1665 in·-

123 1708 342 1771 quam‚
387 1711 477 1752 me
508 1687 715 1773 potiits
758 1687 968 1771 desere.
996 1686 1255 1753 Minime
1299 1688 1430 1754 ver&
1458 1739 1479 1771 ,
1508 1693 1598 1753 ait
1631 1692 1757 1766 ille,

129 1771 190 1836 ἃ
219 1782 448 1857 praeire
489 1783 685 1864 coepit.
738 1781 974 1862 Sequor
1001 1777 1293 1840 hominem
1330 1798 1349 1842 .·
1409 1783 1574 1862 Quid
1601 1784 1757 1844 enim

127 1884 311 1949 agust,
360 1865 498 1931 citm
549 1890 637 1931 res
683 1866 790 1930 tibi
846 1862 1117 1930 adversus
1145 1863 1465 1949 fhrtiorem
1511 1870 1628 1954 est,
1683 1891 1755 1933 ac

114 1957 489 2036 pertinacem
535 1978 648 2017 auo
694 1976 823 2019 cum
847 1956 904 2040 si
947 1956 1087 2032 velis
1131 1958 1427 2017 decertare
1447 2003 1465 2035 ,
1515 1977 1757 2038 operam

111 2046 338 2124 perdas
367 2041 406 2109 ?
451 2047 585 2110 Nec
608 2066 776 2107 mora
802 2092 825 2124 ,
872 2039 1260 2129 intermiffitm
1289 2044 1392 2106 ille
1423 2042 1756 2125 sennonem

127 2150 431 2214 repetens,
491 2136 780 2217 quomodo·
807 2181 829 2211 ‚
875 2135 1113 2218 inquit,
1163 2153 1353 2197 tecum
1404 2135 1532 2216 agit
1570 2135 1754 2195 Μιε-

126 2217 353 2284 cenas?
399 2222 628 2306 qualem
662 2218 787 2304 sese
816 2243 952 2307 erga
989 2241 1046 2283 te
1082 2221 1312 2301 proebet
1333 2216 1370 2284 ?
1395 2222 1703 2285 Maecenas
1725 2272 1750 2302 ,

125 2310 333 2390 inquio
363 2356 386 2388 ,
410 2331 633 2392 paucos
669 2311 934 2371 homines
970 2311 1035 2371 in
1066 2307 1553 2389 familiaritatem
1577 2306 1755 2388 suam

128 2399 344 2479 recipit
367 2444 388 2476 ,
412 2401 467 2462 vi
474 2420 507 2460 r
524 2399 872 2482 acutiffimus
897 2395 1139 2480 scilicet
1175 2420 1247 2460 ac
1262 2395 1754 2481 prudentissimus.

132 2485 228 2547 Tu
256 2481 394 2548 veri)
419 2532 437 2563 ,
466 2489 689 2570 excipit
714 2486 815 2548 ille
839 2533 857 2565 ,
893 2482 1390 2572 fortunatiffimus
1413 2486 1755 2549 mortalium

125 2577 394 2636 omnium
441 2573 499 2637 f?
534 2573 937 2658 solertiffimus
958 2572 1144 2659 fuisti
1170 2625 1192 2657 ,
1238 2578 1339 2660 qui
1375 2573 1635 2637 oblatam
1658 2596 1761 2638 oc-

124 2663 412 2745 casionem
436 2709 455 2741 ,
508 2684 566 2728 te
619 2666 681 2727 in
745 2659 869 2744 ejus
910 2660 1479 2744 familiaritatem&
1518 2666 1754 2726 domum

123 2749 499 2832 insinuandi,
530 2756 673 2815 adeo
685 2748 838 2831 seit?
864 2750 1187 2836 callideque
1211 2755 1547 2837 arripueris.
1578 2752 1760 2833 Quod

106 2837 168 2921 fi
210 2858 306 2900 me
351 2838 446 2901 illi
492 2843 897 2903 commendare
941 2841 1159 2919 velles,
1217 2841 1275 2924 fi
1328 2842 1480 2903 milzi
1529 2838 1650 2918 ejus
1691 2845 1756 2904 in

118 2930 472 2991 comitatum
498 2926 555 2992 δ’
581 2930 907 2993 amicitiam
934 2931 1130 2993 aditus
1172 2948 1272 2991 tuo
1328 2929 1603 3014 beneficio
1639 2949 1753 3011 pa⁴

117 3034 311 3095 teret,
366 3034 492 3079 tum
534 3039 640 3103 ego
669 3040 787 3083 non
834 3018 946 3081 levi
993 3013 1333 3100 adjumento
1372 3018 1484 3081 tibi
1528 3016 1699 3103 effem
1720 3070 1748 3103 ,

181 3251 266 3300 47.
311 3235 457 3286 Hunc
487 3240 744 3290 hominem.
768 3243 985 3306 seipsum
1022 3242 1211 3290 indicat
1237 3261 1251 3290 ε
1284 3257 1462 3304 nempe
1501 3255 1555 3291 ut
1580 3241 1748 3289 honi·

113 3314 233 3350 nem
270 3304 531 3369 egregium
576 3305 632 3357 δί
669 3322 876 3372 gnarum
910 3308 980 3356 rei
1016 3309 1265 3372 gerendae.

1226 3374 1274 3436 Ρ
1320 3369 1389 3461 iij
