2269 3773
527 194 703 283 Lib.
763 194 871 278 II
863 257 883 278 .
942 194 1024 276 E
1008 196 1321 313 pistola‘
1353 195 1424 285 Ι,
1660 199 1821 307 485

186 351 383 400 terum
412 340 698 402 carmina.
751 339 997 420 Quoties
1035 354 1279 399 vocatur
1299 338 1361 398 in
1388 336 1836 419 controvetfiam

183 444 325 486 uter
362 420 393 486 ὲ
432 427 649 489 duobus
676 428 876 508 poetis
917 427 1092 488 alteri
1136 425 1567 507 anteponendus
1591 422 1715 506 fit,
1762 426 1835 483 dc

184 515 323 575 unis
364 514 650 578 veteribus
680 516 879 598 poe'tis
909 515 996 598 fit
1038 513 1305 594 mentio;
1357 515 1655 576 Pacuvius
1694 507 1837 573 eru-‘-

103 666 116 675 ,
186 604 422 664 ditione
465 606 694 667 vincere
735 621 754 666 .·
797 603 1019 666 Accius
1055 603 1279 688 ingenii
1317 600 1646 687 excelsitate
1668 647 1692 681 ,
1742 601 1841 660 di-

186 689 389 768 citum!
411 693 471 755 A
464 691 706 775 sranius
717 689 983 775 jaciatur
990 711 1114 772 par
1134 692 1475 754 Menandro
1507 685 1619 773 effi:
1632 736 1658 768 ,
1686 689 1834 750 adeo

188 797 258 842 ut
298 778 463 842 illius
513 800 710 866 togam
745 801 947 866 gerere
990 798 1120 841 cum
1162 780 1452 865 dignitate
1497 778 1839 841 Menander

174 864 472 953 potuiffet
514 888 533 932 .·
569 869 828 932 Plautus
864 867 1216 951 perhibetur
1257 869 1486 930 imitari
1526 869 1642 929 vim
1657 913 1681 946 ,
1728 887 1837 927 ar.-

184 957 435 1038 dorem,
478 958 838 1020 celeritatem
886 978 956 1019 ac
1003 955 1373 1040 diligentiam
1421 956 1780 1037 Epicharmi
1807 977 1836 1036 ,-

193 1044 475 1107 Caecilius
514 1067 710 1109 omnes
726 1042 1010 1128 superare
1035 1043 1243 1126 fertur
1275 1047 1569 1130 gravitate
1611 1046 1834 1106 oratio·
1881 1124 1884 1127 Ι

188 1134 320 1212 ηἰε,
354 1135 661 1198 Terentius
684 1134 939 1217 artificio
964 1137 1381 1214 componenda?
1406 1132 1658 1215 fhbuloe.
1700 1137 1838 1195 Ho-

186 1239 321 1283 rum
346 1219 537 1304 verfits
549 1225 816 1287 Romani
828 1224 1130 1284 memoriae
1151 1224 1468 1301 mandant,
1499 1224 1582 1282 ad
1595 1220 1836 1282 illorum

194 1309 549 1394 Tragoedias
579 1307 980 1392 Comoediafite
1002 1308 1349 1392 speilandas
1377 1309 1688 1373 convolant
1709 1357 1733 1388 ,
1763 1331 1838 1374 ac

196 1397 471 1463 Theatra
488 1398 587 1462 ubi
612 1398 965 1463 exhibentur
981 1399 1146 1478 illae,
1197 1399 1422 1482 replent
1444 1398 1669 1482 ingenti
1693 1417 1835 1460 con·
1934 1410 1941 1418 ’

190 1481 367 1568 cursu
395 1509 412 1551 :
439 1490 545 1552 hos
593 1488 805 1550 habent
837 1485 1003 1571 solos
1043 1490 1108 1548 in
1151 1487 1280 1548 Ioco
1324 1485 1382 1549 ἃ
1428 1507 1668 1549 numero
1686 1490 1837 1565 poi?-

187 1592 389 1637 tarum
411 1623 431 1657 ‚
472 1575 543 1638 ab
580 1576 743 1640 Livii
775 1576 1114 1640 Andronici
1159 1574 1512 1658 temporibus
1550 1577 1632 1634 ad
1672 1592 1835 1635 aeta-

186 1680 311 1725 tem
349 1665 525 1750 usque
560 1665 833 1750 nostram.
872 1666 1180 1728 Interdum
1218 1660 1345 1728 vere
1368 1662 1614 1749 judicat
1634 1681 1837 1743 popu-

182 1750 317 1831 lus,
377 1753 671 1816 interdum
711 1751 1130 1817 hallucinatur.
1191 1755 1266 1816 Si
1301 1757 1514 1835 poe'tas
1558 1753 1836 1834 antiquos

178 1841 336 1903 adeo
371 1838 637 1925 suspicit
661 1889 684 1923 ,
729 1840 1078 1929 extollitque
1100 1888 1124 1922 ,
1168 1842 1329 1905 nihil
1367 1861 1434 1907 ut
1468 1839 1594 1904 illis
1614 1886 1639 1919 ,
1694 1841 1830 1903 ideo

172 1931 330 2015 ‘quia
375 1932 607 2017 antiqui
631 1928 808 2014 sunt,
858 1933 1362 2018 anteponendum,
1415 1930 1573 1993 nihil
1617 1926 1833 2009 confe-

180 2018 430 2081 rendum
464 2036 639 2103 putet
659 2067 682 2101 ,
716 2018 971 2103 fallitur
1007 2041 1027 2085 .·
1046 2019 1102 2104 fi
1147 2023 1414 2102 quaedam
1460 2012 1726 2102 agnoscit
1756 2014 1830 2081 ab

184 2103 397 2187 iisdem
442 2105 692 2190 obsoleti
719 2110 897 2172 nimis
921 2107 1074 2172 dic‘la
1103 2104 1294 2191 suiffe
1308 2156 1332 2189 ,
1381 2108 1568 2170 multa
1596 2101 1783 2191 rigide
1799 2153 1826 2186 ,

116 2196 122 2204 '
181 2216 309 2257 non
336 2217 535 2279 pauca
570 2192 893 2278 oscitanter
927 2194 987 2261 δ’
1031 2193 1261 2278 remiss}
1293 2196 1528 2278 scripta
1572 2194 1844 2276 confite&

180 2300 291 2345 tur
330 2309 345 2349 τ
378 2284 691 2369 sapienter
728 2286 1029 2371 existimat
1054 2332 1074 2365 ,
1123 2305 1197 2347 ac
1240 2304 1462 2349 mecum
1495 2281 1715 2367 ῥιψὶ,
1768 2279 1831 2343 ‹2’

178 2371 394 2441 Iovem
440 2377 504 2437 in
550 2396 621 2437 ea
659 2396 720 2438 re
771 2373 1222 2459 adstipulantem
1273 2371 1447 2435 habet
1491 2394 1562 2434 ac
1598 2370 1829 2453 saven-

176 2477 322 2523 tem.
381 2465 530 2527 Non
575 2464 735 2545 quod
772 2466 1105 2546 vituperare
1147 2464 1386 2527 Livium
1412 2460 1830 2525 Andronicum

180 2544 396 2623 velimss
435 2547 626 2633 ejusiaee
661 2554 940 2632 poemata
973 2547 1218 2636 penitus
1258 2548 1543 2613 abolenda
1581 2568 1833 2612 conten·

179 2639 364 2715 dam,
403 2660 539 2723 quoe
555 2687 580 2719 ,
633 2660 771 2701 nam
806 2644 1087 2720 memini,
1145 2641 1411 2705 Orbilius
1434 2638 1561 2702 ludi
1603 2636 1828 2723 magis-'-

178 2745 279 2789 ter
317 2730 381 2789 in
411 2727 615 2812 plagis
657 2729 992 2813 infligendis
1035 2729 1249 2793 multus
1293 2728 1350 2792 δ’
1403 2749 1619 2809 atrox,
1673 2730 1826 2790 mihi

167 2836 364 2900 puero
408 2814 662 2879 dic‘labat
695 2835 716 2881 .·
754 2815 953 2880 verum
997 2819 1257 2880 demiror
1295 2817 1403 2901 qui
1426 2818 1573 2899 fieri
1604 2815 1825 2900 poffit,

177 2924 249 2967 ut
300 2908 502 2967 eadem
545 2908 858 2970 videantur
896 2905 1101 2969 exacJa
1119 2953 1144 2984 ,
1194 2908 1523 2986 concinna,
1592 2903 1651 2967 ξε
1701 2904 1826 2967 illis

210 3077 215 3084 '
251 3075 331 3138 67.
375 3074 529 3127 Cedit.
571 3077 726 3139 Cujus
762 3078 876 3126 loco
914 3075 1040 3138 apud
1084 3071 1341 3135 p1erosque
1379 3071 1550 3121 Libros
1588 3070 1771 3135 legitur
1797 3105 1815 3133 ,

183 3138 354 3190 Credit
374 3178 390 3201 ‚
426 3143 478 3190 id
501 3141 569 3191 est
588 3180 602 3203 ,
635 3142 821 3191 censet.

249 3205 313 3253 63
340 3205 464 3258 Jove
511 3226 663 3271 aquo.
694 3206 949 3270 Propitius
974 3204 1112 3257 enim
1151 3202 1377 3253 censetur
1411 3201 1522 3251 iuis
1553 3198 1643 3251 effe
1667 3199 1815 3263 Jupi-

177 3284 261 3322 ter
278 3307 296 3338 ‚
328 3273 413 3337 qui
445 3274 558 3325 vere
593 3273 836 3339 judicant.
1030 3291 1049 3300 s
1197 3334 1261 3405 X
