2269 3773
465 179 638 290 486
858 178 1180 261 Horatii
1239 139 1761 290 Epistularum

558 312 834 373 Orbilium
872 312 1093 375 distata
1139 310 1228 369 scd
1260 311 1539 369 emendata
1568 309 1798 393 videti,-

559 386 893 457 Pulchraque
911 428 929 455 ,
968 393 1022 442 &
1044 384 1238 442 eradiis
1266 383 1554 441 minimum
1587 381 1871 451 distantia,
1916 387 2098 445 miror.

560 459 709 516 Inter
786 478 863 514 uae
901 457 1124 515 verbum
1168 455 1423 527 emicuit,
1463 454 1499 511 fi
1539 451 1679 513 forte
1718 454 2015 533 decorum,
2049 466 2098 517 ὃς

562 532 622 588 Si
656 480 833 587 versus
875 529 1040 600 paulo
1080 527 1385 585 concinnior
1426 547 1560 585 unus
1581 573 1597 599 ‚
1638 535 1695 584 Sc
1728 531 1902 597 alter,

466 601 766 678 75,Injuste
806 617 987 659 totum
1026 598 1169 659 ducit
1192 645 1209 674 ‚
1241 600 1528 669 venditque
1569 604 1784 671 po'e‘ma.

561 675 821 745 Indignor
860 671 1153 745 quidquam
1179 670 1529 743 reprehendi,
1558 693 1669 728 non
1702 671 1837 742 quia
1863 669 2033 728 crasse

562 744 945 816 compositum
985 744 1262 815 illepideve
1335 760 1548 814 utetur,
1593 742 1683 801 sed
1726 743 1861 814 quia
1901 762 2098 812 nupt-13

562 816 681 889 Nec
704 816 912 874 veniam
932 815 1164 887 antiquis
1183 862 1199 890 ,
1217 816 1282 874 ad
1295 766 1564 873 honorem
1579 858 1594 887 ,
1616 824 1672 873 &
1692 815 1925 885 praemia
1947 814 2102 885 posci.

562 888 731 946 Redi&
772 908 933 946 necne
972 909 1217 962 crocum,
1255 886 1517 959 floresque
1547 887 1892 958 perambulet
1918 889 2069 944 Attae

473 960 807 1033 80.Fabula,
838 960 881 1017 fi
925 960 1165 1018 dubitem
1188 1004 1206 1033 ,
1242 962 1474 1019 clament
1513 960 1721 1030 periiss'e
1755 959 2037 1028 pudorem

566 1030 766 1091 Cuncti
796 1032 930 1105 pene
1005 1051 1144 1090 atres
1163 1074 1183 1102 ,
1221 1053 1285 1091 ea
1310 1051 1480 1104 quum
1500 1031 1890 1103 reprehendere
1917 1050 2104 1102 coner,

563 1103 705 1178 Quae
741 1104 921 1177 gravis
955 1054 1218 1177 ἓῐοριιε,
1249 1125 1367 1177 quae
1406 1102 1599 1161 dostus
1634 1103 1867 1162 Roscius
1900 1103 2048 1175 egit:

472 1222 479 1227 .
563 1176 671 1234 Vel
698 1178 821 1249 quia
844 1176 916 1233 nil
937 1180 1144 1235 teetum
1158 1219 1178 1247 ‚
1208 1176 1304 1234 nifi
1327 1174 1471 1248 quod
1501 1177 1701 1247 placuit
1721 1175 1818 1233 fibi
1832 1221 1852 1250 ‚
1881 1175 2106 1238 ducunt3

564 1245 673 1307 Vel
713 1250 838 1321 quia
867 1268 1020 1321 turpe
1052 1267 1244 1320 putant
1279 1268 1461 1320 parere
1490 1248 1825 1321 minoribus,
1864 1256 1918 1306 &
1954 1267 2074 1320 qux

475 1320 804 1394 85.Imberbi
839 1320 1096 1392 didicere,
1132 1323 1278 1379 senes
1316 1319 1585 1393 perdenda
1613 1318 1792 1379 fateri.
1874 1370 1882 1378 .

564 1393 686 1451 Jam
727 1393 925 1451 Saliare
965 1393 1162 1452 Numae
1190 1413 1404 1450 carmen
1436 1394 1526 1464 qui
1562 1391 1782 1462 laudat,
1823 1400 1879 1451 ὃ(
1904 1389 2071 1461 illud,

565 1465 734 1538 Quod
777 1486 991 1522 mecum
1032 1467 1288 1538 ignorat,
1330 1466 1474 1523 solus
1517 1468 1636 1522 vult
1681 1464 1812 1522 scire
1857 1464 2058 1522 videri:

561 1537 800 1607 Ingeniis
843 1560 950 1594 non
976 1538 1065 1594 ille
1104 1536 1283 1612 favet,
1323 1535 1635 1610 plauditque
1669 1536 1933 1608 sepultis3

563 1606 763 1666 Nostra
802 1608 889 1666 sed
925 1610 1240 1681 impugnat,
1285 1629 1380 1667 nos
1420 1613 1596 1666 nostra
1637 1630 1704 1667 uc
1739 1608 1943 1669 lividus
1975 1607 2110 1672 odit·

475 1702 560 1752 90.
573 1679 740 1756 Quod
782 1680 819 1737 fi
863 1700 975 1738 tam
1015 1681 1217 1739 Graecis
1248 1681 1460 1738 novitas
1490 1632 1657 1740 invisa
1687 1679 1874 1739 fuiffet

536 1847 621 1896 75.
659 1831 839 1886 Ducit.
877 1836 1023 1897 Quasi
1064 1837 1125 1884 ad
1162 1852 1389 1902 pompam
1424 1835 1629 1888 vicatim
1675 1836 2014 1888 circumducit
2052 1836 2110 1889 St

473 1898 697 1949 ostentat.

537 1980 623 2028 79.
670 1964 886 2017 Crocum.
928 1966 1006 2015 Est
1038 1983 1211 2016 crocu·
1249 1968 1394 2017 herba
1445 1969 1593 2016 odora
1615 2003 1634 2030 ,
1659 1974 1725 2018 du
1751 1968 1968 2031 fast-an.
2017 1968 2114 2018 Illo

472 2031 710 2079 imbutam
760 2048 961 2092 aquam,
985 2033 1132 2081 instar
1165 2033 1295 2081 roris
1315 2033 1542 2081 leviffimi
1581 2035 1638 2082 in
1672 2034 1921 2084 theatrum
1960 2033 2020 2084 δί
2042 2034 2118 2098 ip-

471 2098 550 2144 sos
588 2097 850 2158 aliquando
871 2097 1159 2159 speclatores
1191 2097 1500 2162 spargebat-t.

539 2160 697 2212 Attae.
738 2163 931 2211 Veteris
970 2166 1126 2225 po‘etae
1172 2163 1336 2211 Latini
1363 2198 1378 2223 ,
1421 2179 1525 2212 non
1564 2162 1779 2226 optimi,
1814 2164 1903 2226 qui
1933 2179 2120 2216 nomen

472 2227 568 2275 hoe
601 2226 801 2277 sortitus
836 2227 902 2277 est
930 2264 944 2290 ,
980 2227 1092 2288 quia
1129 2229 1306 2290 pedum
1337 2228 1463 2276 vitio
1506 2230 1758 2277 laborabat
1787 2243 1802 2273 τ
1833 2248 1932 2279 vox
1985 2231 2118 2280 enim

471 2293 643 2341 Latina
678 2307 820 2342 vetus
840 2330 855 2357 ,
896 2307 1002 2342 atta
1022 2329 1036 2353 ,
1064 2293 1293 2342 claudum
1330 2294 1408 2341 vel
1443 2293 1628 2356 plantis
1660 2296 1903 2344 extremis
1949 2300 2120 2344 ambu-

471 2357 621 2405 lando
649 2357 947 2408 insistentem
972 2359 1231 2422 fignificat.
1261 2364 1419 2419 Quam
1453 2375 1626 2407 vocem
1652 2359 1854 2409 videtur
1890 2362 2124 2414 alludent

476 2423 706 2471 Horatius
730 2424 1002 2486 respicere,
1038 2426 1152 2472 dum
1192 2424 1259 2472 ait
1283 2424 1503 2474 dubitare
1538 2424 1586 2474 se
1622 2440 1745 2474 num
1780 2426 1921 2475 Attae
1960 2427 2122 2476 fabula

476 2488 717 2536 theatrum
757 2492 886 2537 resto
930 2490 1028 2537 talo
1059 2489 1383 2552 perambulet.

544 2550 626 2600 82.
664 2551 903 2613 AEsbpus.
942 2562 1194 2603 Romanus
1228 2555 1570 2619 tragoediarum
1605 2558 1743 2604 auor
1772 2555 2043 2619 eximius,
2069 2555 2124 2605 in

476 2618 828 2678 permovendis
864 2620 1046 2668 animis
1088 2622 1356 2669 vehemens
1382 2657 1399 2683 ,
1427 2624 1489 2668 ob
1527 2620 1681 2685 gestus
1714 2621 2028 2682 majestatem
2071 2620 2123 2671 81

474 2683 741 2730 verborum
780 2685 972 2743 pondus
1000 2721 1014 2743 ,
1048 2702 1186 2747 quam
1233 2689 1294 2732 ob
1329 2687 1513 2734 causam
1549 2687 1716 2749 gravis
1750 2687 2063 2749 appellatur.

543 2743 773 2810 Rofiius.
810 2752 1074 2798 Comoedus
1106 2751 1409 2816 egregins&
1431 2750 1595 2799 histrio
1614 2787 1631 2811 ‚
1656 2767 1801 2812 quem
1841 2754 2129 2800 accusatum

477 2812 652 2861 Cicero
700 2813 921 2863 defendit
945 2850 959 2876 ,
1007 2816 1062 2864 Sc
1096 2817 1292 2878 quicum
1340 2832 1554 2878 certare,
1581 2832 1636 2866 ut
1674 2817 1817 2864 aiunt
1842 2853 1858 2879 ,
1896 2818 2129 2878 solebat,

480 2893 588 2926 uter
636 2879 816 2928 melius
852 2882 1071 2930 eamdem
1099 2899 1203 2930 rem
1250 2880 1303 2930 Sc
1334 2883 1627 2931 sententiam
1653 2918 1668 2943 ‚
1697 2882 1799 2945 ipse
1853 2884 2032 2933 verbis
2069 2882 2130 2933 δι

478 2943 686 3007 figuris,
728 2961 788 2992 an
823 2947 1028 2996 Roscius
1061 2963 1183 2996 voce
1232 2946 1287 2996 ὅτ
1329 2947 1461 3012 gestu
1485 2984 1501 3009 ,
1529 2948 1753 2999 variaret.

548 3007 628 3055 86.
668 3009 861 3060 Saliare
893 3030 1097 3062 carmen.
1127 3012 1440 3060 Cantilenam
1483 3029 1735 3073 veterem,
1781 3011 1930 3073 huam
1976 3014 2128 3070 salii,

481 3073 656 3119 Martis
674 3075 947 3124 sacerdotes
968 3113 983 3134 ‚
1018 3080 1045 3124 ὶι
1065 3085 1228 3125 Numa
1245 3079 1499 3139 Pompilio
1530 3079 1740 3127 instituti
1772 3080 2094 3127 cantitabam
2114 3115 2134 3138 ,

481 3137 599 3183 adeo
647 3138 893 3184 obscuram
936 3140 991 3188 δε
1015 3141 1249 3188 obsoletis
1283 3143 1448 3190 verbis
1479 3159 1714 3192 exaratam
1738 3182 1752 3203 ‚
1788 3159 1844 3192 ut
1885 3160 1996 3191 eam
2040 3144 2131 3191 vix

481 3200 704 3312 :gh-ligii?
738 3201 1066 3253 sacerdotibus
1112 3204 1216 3256 suis
1251 3205 1554 3259 intellectam
1589 3208 1730 3264 fuiss'e
1763 3208 2136 3274 Quintilianus

640 3281 665 3314 e
690 3298 709 3318 .
1333 3288 1338 3294 ’
