2269 3773
465 179 641 267 *192
872 154 978 267 Q.
1039 153 1359 238 Horatii
1410 159 1699 247 Flacci.

542 311 631 367 35.
650 293 957 362 Utcumque
995 290 1233 349 defecere
1270 312 1447 353 mores

707 362 1023 420 Indecorant
1063 364 1195 421 bene
1238 382 1362 422 nata
1400 340 1585 439 cuipre.

559 433 712 563 guid
754 435 979 505 debeas,
1011 434 1049 491 ὃ
1085 435 1294 509 Roma,
1334 435 1634 497 Neronibus

616 506 734 563 estis
775 505 1082 581 Metaurum
1111 510 1342 575 flumen,
1383 517 1435 566 &
1468 482 1732 570 Asdrubal

630 577 892 634 Devicius
913 619 929 647 ‚
972 585 1026 634 &
1063 576 1284 648 pulcher
1320 578 1523 651 fugatis

457 669 552 722 40.
709 648 805 704 Ille
835 648 946 705 dies
982 649 1140 706 Latio
1171 650 1399 708 tenebris
1417 694 1435 723 ,

555 719 670 849 gui
707 720 913 789 primus
943 720 1084 777 alma
1118 720 1228 778 risit
1265 720 1494 779 adoreae

615 790 721 847 irus
759 811 852 861 per
894 790 1045 848 urbes
1086 792 1220 849 Afer
1267 810 1326 849 ut
1366 793 1526 851 Italas

628 861 748 919 Ceu
784 864 1006 918 flamma
1045 882 1139 933 per
1175 863 1370 935 taedas‚
1407 866 1493 921 vel
1530 836 1710 925 fimus

697 933 797 991 Per
831 933 1030 989 Siculas
1072 934 1331 1005 equitavit
1372 936 1550 994 undas.

458 1003 686 1077 45.Post
722 1003 827 1062 hoc
864 1003 1098 1065 secundis
1138 1008 1300 1075 usque
1340 1006 1608 1066 laboribus

544 1075 790 1133 Romana
828 1075 992 1145 pubes
1027 1075 1221 1149 crevit,
1261 1076 1518 1148 &impio

583 1178 587 1182 ⁴
617 1148 838 1205 Vastata
878 1146 1171 1204 Poenorum
1205 1151 1442 1206 tumultu

686 1218 829 1274 Fana
868 1217 1018 1275 Deos
1053 1217 1284 1276 habuere
1327 1221 1531 1282 rest053

540 1288 800 1360 Dixitque
824 1288 1037 1347 tandem
1054 1289 1284 1361 perfidus
1319 1291 1594 1351 Annibal:

462 1380 545 1434 50.
559 1359 756 1429 Cervi,
793 1361 1041 1431 luporum
1077 1362 1254 1431 praeda
1288 1361 1557 1431 rapacium
1578 1405 1596 1434 ,

607 1433 890 1488 Sedlamur
922 1434 1063 1489 ultro
1085 1476 1100 1499 ,
1142 1453 1275 1503 quos
1312 1432 1524 1503 opimus
1544 1473 1561 1503 ‚

674 1503 879 1559 Fallere
922 1512 973 1559 &
1014 1503 1254 1575 effugere
1294 1508 1368 1561 est
1406 1501 1733 1573 triumphus.

532 1570 711 1641 Gens,
746 1594 865 1644 quae
903 1593 1143 1632 cremato
1182 1575 1333 1633 fortis
1375 1574 1442 1631 ab
1476 1575 1611 1648 llio,

530 1642 735 1700 Jastata
768 1644 957 1702 Tuscis
985 1646 1286 1715 aequoribus
1305 1690 1322 1720 ,
1361 1646 1500 1703 sacra
1521 1690 1539 1720 ,

435 1730 525 1785 55.
610 1714 919 1789 Natosque‚
953 1717 1300 1789 maturosque
1339 1736 1516 1788 patres

427 1928 436 1935 ο

525 1981 571 2031 5.
610 1965 886 2030 Utcumque.
920 1965 1365 2028 Quotiescumque,
1397 1967 1479 2016 vel
1513 1968 1825 2027 ubicumque.

488 1982 678 2083 {sorem
704 2038 808 2079 Hoc
837 2032 893 2080 in
914 2031 1028 2079 loco
1052 2032 1184 2080 idem
1213 2033 1279 2080 est
1302 2047 1442 2093 atque
1475 2033 1583 2082 redi
1625 2039 1780 2081 cultus
1817 2046 1832 2076 .·
1855 2046 2036 2094 nempe

422 2105 545 2152 reela
582 2097 637 2147 &
678 2100 825 2158 proba
860 2095 1140 2159 institutio,
1173 2112 1280 2158 quae
1305 2113 1403 2145 una
1437 2098 1641 2146 maxime
1667 2102 1845 2160 probos
1868 2112 2034 2148 mores

421 2168 480 2218 8(
512 2163 632 2212 reste
660 2161 860 2209 vivendi
894 2161 1298 2212 consuetudinem
1337 2160 1491 2210 affert.

486 2245 563 2295 37.
582 2224 875 2276 Neronibus.
896 2232 1146 2275 Neronum
1173 2224 1310 2291 genti
1335 2225 1392 2275 &
1415 2225 1622 2274 familiae
1643 2224 1869 2273 Tiberius
1886 2224 2036 2274 Clau·

415 2295 527 2344 dios
566 2299 696 2341 Nero
719 2327 733 2351 ‚
772 2290 978 2338 ultimus
1008 2291 1188 2338 exstitit
1216 2290 1241 2337 ὲ
1274 2304 1477 2350 quatuor
1509 2291 1628 2338 filiis
1653 2289 1801 2351 Appii
1827 2289 2033 2340 claudii

413 2358 554 2409 Craffi
578 2392 593 2419 ,
624 2356 723 2403 five
754 2355 918 2416 Caeci,
955 2354 1037 2414 qui
1078 2355 1205 2403 viam
1233 2355 1441 2416 Appiam
1483 2355 1665 2406 stravit.
1701 2354 1887 2402 Tiberii
1920 2361 2030 2408 Ne·-

414 2424 555 2472 ronis
590 2435 743 2482 nepos
775 2418 875 2466 fuit
923 2418 1011 2466 ille
1055 2425 1187 2468 Nero
1224 2419 1317 2480 qui>
1352 2419 1536 2468 Consul
1577 2435 1707 2466 anno
1752 2418 1863 2479 546.
1907 2434 2033 2471 cum
2099 2458 2108 2468 ,

410 2489 551 2537 Livio
579 2485 847 2533 salinatore
888 2484 1203 2531 Asdrubalem
1233 2484 1413 2531 cecidit
1439 2503 1450 2533 ε
1488 2487 1705 2545 abnepos
1740 2479 1887 2543 verb,
1933 2482 2026 2530 ‘ri-

412 2552 576 2600 bei-ius
598 2556 730 2598 Nero
762 2547 845 2606 qui
878 2563 934 2595 ex
957 2547 1097 2596 Livia
1124 2549 1398 2611 procreavit
1425 2548 1673 2597 Tiberium
1697 2583 1712 2608 ,
1737 2547 1895 2611 postea
1915 2553 2026 2595 Im-

408 2628 707 2680 peratorem,
743 2610 801 2660 &
830 2611 1058 2662 Drusum.
2006 2632 2007 2635 ¹

474 2680 553 2744 38.
588 2675 866 2725 Metaurum
925 2694 1057 2725 umen
1081 2713 1095 2737 ‚
1140 2674 1245 2732 ὅτε.
1282 2675 1501 2732 Annibal
1526 2677 1610 2738 qui
1630 2675 1815 2726 bellum
1834 2673 2022 2724 secun-

406 2747 521 2794 dum
537 2742 779 2792 Punicum
794 2745 869 2804 gei
889 2756 949 2800 it,
968 2743 1170 2797 devietis
1189 2744 1247 2793 ad
1257 2742 1485 2791 Ticinum
1504 2776 1518 2804 ,
1535 2743 1787 2800 Trebiam,
1801 2741 2024 2805 Thrasy-

407 2824 607 2858 menum
643 2806 802 2855 lacum
830 2841 846 2867 ,
888 2804 944 2855 8c
982 2810 1176 2854 Cannas
1200 2843 1217 2867 ,
1261 2806 1533 2867 Romanis,
1566 2822 1679 2856 cum
1711 2805 1798 2868 ipfi
1837 2813 2043 2855 Romae‘

402 2873 720 2932 immineret,
750 2871 943 2919 fratrem
971 2871 1284 2920 Asdrubalem
1327 2873 1385 2921 in
1416 2871 1608 2920 Italiam
1641 2870 1896 2921 evocavit:
1921 2869 2023 2920 ille

400 2939 498 3000 iam
530 2937 586 2984 in
607 2933 914 2995 cisalpinam
946 2935 1156 2982 Galliam
1173 2951 1493 2999 pervenerat,
1530 2952 1640 2984 eum
1673 2935 1722 2984 ei
1759 2937 1807 2986 se
1841 2935 2016 2984 Livius

395 3003 634 3052 Salinator
674 2999 855 3048 Consul
906 2999 1131 3061 opposuit
1157 3037 1175 3060 ,
1218 3016 1273 3050 ut
1319 3001 1570 3052 transitum
1610 3002 1667 3049 ad
1705 2999 2015 3048 Annibalem

397 3068 485 3130 ipfi
523 3064 890 3114 intercluderet.
915 3068 1026 3112 Erat
1057 3065 1276 3113 Annibal
1311 3066 1366 3114 in
1403 3065 1581 3126 Apulia
1608 3101 1624 3125 ‚
1652 3064 1708 3114 &
1739 3078 1910 3113 contra
1933 3064 2013 3112 il-

397 3131 501 3180 lum
534 3129 677 3178 castra
708 3127 939 3176 Claudius
968 3133 1098 3175 Nero
1147 3130 1267 3178 alter
1306 3130 1491 3178 Consul
1515 3132 1748 3179 habebat:
1770 3130 1885 3190 qui,
1922 3129 2015 3178 in·-

394 3195 624 3256 terceptis
652 3191 930 3240 Asdrubalis
959 3190 1172 3253 litteris,
1196 3194 1321 3242 clam
1350 3194 1513 3248 ¹inscio
1546 3195 1794 3242 Annibale
1815 3228 1831 3254 ‚
1865 3194 2016 3241 sum-

392 3264 471 3310 ma
492 3258 773 3319 celeritate,
794 3257 853 3306 ad
888 3254 1091 3321 conegae
1116 3258 1259 3308 castra
1278 3274 1390 3310 cum
1416 3259 1665 3325 copiarum
1690 3273 1824 3323 parte
1841 3258 2014 3323 venit,

1782 3328 2011 3391 indolis
