2269 3773
905 203 973 272 V
1004 206 1049 271 I
1094 208 1158 274 Τ
1191 204 1278 275 Α.
1816 202 1907 297 vij

202 425 207 430 q
260 327 422 400 enim
449 377 470 415 ,
513 344 588 399 ut
631 327 880 421 quidam
923 331 1007 399 ait
1045 354 1175 399 non
1208 327 1459 422 illepide
1481 378 1504 420 ,
1544 321 1733 400 altera
1761 352 1901 398 ma·-

255 445 621 533 gnam'mitas
642 491 668 528 ,
720 446 983 529 ignavia*
1020 443 1313 531 confeffio.

352 611 521 679 Mox
559 605 772 677 oblata
803 608 918 692 iis,
966 607 1074 697 qui
1117 606 1343 676 viaori
1380 604 1644 676 Oaavio
1686 605 1747 676 se
1784 605 1904 676 de-

260 721 523 811 derent,
566 722 836 793 libenter
878 722 1017 793 usus
1058 725 1291 809 venifi,
1324 724 1392 792 in
1423 721 1657 792 Italiam
1694 749 1901 816 appu-

256 833 366 920 lit,
400 836 740 927 Romaeque
761 835 1074 917 redditus,
1105 855 1367 938 urgente
1388 833 1601 926 inopia
1624 885 1644 919 ,
1671 835 1902 925 quippe

255 941 509 1010 orbatus
551 962 764 1032 patre,
813 941 997 1009 domo
1038 942 1296 1031 paterna
1350 947 1414 1010 δε
1460 963 1615 1031 agro
1661 936 1901 1030 spolia·-

257 1069 405 1135 ωε,
447 1050 525 1121 ad
559 1051 925 1121 factitandos
951 1050 1160 1121 versus
1190 1051 1249 1121 se
1283 1049 1564 1121 contulit.
1612 1053 1745 1119 Hos
1770 1049 1898 1118 mi·-

251 1154 426 1225 τίίίεὲ
456 1157 934 1245 comprobarunt
961 1159 1186 1226 Varius
1217 1165 1283 1227 &
1326 1143 1678 1247 Virgilius,
1721 1158 1897 1225 Poe‘·

253 1280 451 1330 tarum
491 1262 561 1329 in
609 1264 787 1332 Urbe
832 1286 962 1332 tum
998 1264 1351 1355 principes;
1400 1285 1579 1355 atque
1620 1263 1707 1330 ita
1748 1258 1894 1331 lau-

248 1370 479 1440 darunt
512 1372 673 1464 apud
702 1374 1149 1458 Maecenatem,
1198 1372 1397 1442 virum
1423 1371 1491 1439 in
1528 1371 1743 1462 primis
1763 1394 1892 1440 no·-

249 1472 486 1561 bilem,
543 1482 608 1546 &
659 1477 1038 1545 eruditorum
1086 1498 1456 1568 patronum,
1497 1497 1564 1546 ut
1606 1477 1658 1546 is
1699 1478 1889 1565 novi,

245 1607 366 1652 nec
408 1583 608 1653 adhuc
654 1586 891 1654 Latinis
927 1587 1208 1678 cogniti,
1252 1590 1559 1658 anaorem
1605 1587 1892 1657 carminis

238 1694 459 1765 videre
491 1704 558 1768 δε
593 1694 827 1788 alloqui
865 1721 1247 1790 percuperet.
1298 1702 1719 1792 Interrogavit
1743 1697 1890 1787 ille,

239 1826 416 1872 more
450 1804 599 1881 suo,
641 1810 848 1898 paucis
894 1809 1262 1899 Horatium,
1310 1809 1474 1904 cujas
1512 1808 1717 1881 esset?
1760 1835 1888 1903 quo

234 1933 422 1983 natus
454 1935 626 2005 patre
663 1920 686 1984 ?
748 1913 983 2005 aliaque
1027 1914 1092 1985 id
1136 1938 1336 2005 genus
1371 1942 1390 2000 ;
1449 1941 1581 2006 qua·
1655 1916 1883 2003 sunia,

234 2019 326 2088 ita
367 2039 439 2088 ut
484 2040 658 2089 erant
681 2072 700 2108 ‚
744 2023 1016 2113 ingenue
1069 2016 1405 2107 confefl'uS,
1455 2010 1684 2114 placuit
1726 2024 1883 2115 qui-

240 2131 383 2201 dem
407 2183 429 2218 ,
470 2128 576 2201 sed
601 2157 728 2201 non
768 2132 883 2203 nifi
911 2157 1079 2201 nono
1118 2130 1253 2223 post
1278 2128 1479 2200 mense
1518 2134 1710 2201 Po‘e‘ta
1730 2155 1884 2200 rur-

232 2238 339 2308 sus
378 2240 684 2311 arcessitus
729 2242 796 2311 in
840 2244 1170 2312 amicorum
1220 2239 1583 2309 Maecenatis
1626 2261 1884 2307 numero

234 2339 358 2412 ‚effe
398 2341 583 2434 jufl'us
609 2341 715 2412 est.
783 2344 887 2412 Sic
918 2346 1109 2422 Vates
1145 2342 1388 2430 noster,
1426 2339 1731 2435 sequestro
1765 2342 1879 2411 in·-

232 2445 432 2535 genio
458 2494 478 2530 ,
531 2447 724 2515 Musa
750 2443 1166 2516 conciliatrice
1184 2498 1204 2532 ,
1231 2447 1300 2520 in
1336 2447 1699 2514 Maecenatis
1733 2446 1879 2537 pri-

232 2550 401 2619 mum
427 2602 450 2637 ‚
496 2577 566 2621 ac
602 2550 858 2622 subinde
904 2554 1153 2625 Ostavii
1193 2552 1448 2623 Caesaris
1468 2604 1491 2639 ‚
1528 2555 1628 2623 cui
1669 2552 1876 2645 postea

229 2656 514 2751 Augusti
550 2644 896 2752 cognomen
936 2661 1057 2730 fuit
1106 2661 1372 2732 inditum
1395 2713 1412 2747 ,
1459 2664 1713 2756 gratiam
1748 2662 1871 2733 ad·-

227 2764 442 2836 mifl'us
466 2815 486 2851 ,
532 2765 739 2838 villam
770 2769 838 2837 in
876 2769 1120 2838 Sabinis
1153 2769 1558 2839 dono-datam
1595 2771 1867 2861 accepit,

178 2928 187 2935 .
223 2864 617 2966 cujus'fitum
653 2928 675 2961 ‚
726 2876 982 2946 formam
1032 2885 1096 2948 δε
1141 2876 1455 2947 commoda
1475 2923 1491 2953 ‚
1541 2875 1677 2946 cum
1731 2874 1869 2946 aliis

216 2984 382 3069 locis
431 2987 591 3057 bene
644 2987 850 3058 multis
886 3040 908 3077 ,
975 3009 1104 3060 tum
1147 2985 1405 3080 epistola
1457 2990 1557 3057 16.
1607 2986 1748 3058 Lib.
1799 3006 1864 3057 1.

98 3178 102 3187 1
183 3123 213 3149 ι
220 3089 521 3184 graphice
560 3092 867 3166 describit.

320 3263 444 3335 Hic
469 3266 659 3357 porro
697 3267 926 3341 fundus
954 3271 1157 3362 Ustica
1178 3322 1199 3362 ,
1244 3269 1499 3365 perinde
1527 3286 1704 3363 atque
1732 3273 1856 3362 ipsa
