2269 3773
439 176 491 230 2
497 171 611 260 34.
834 146 939 257 Q.
1001 144 1323 227 Horatii
1336 155 1353 164 ‘
1374 145 1668 233 Flacci.

620 270 695 330 Et
737 290 890 332 crura
925 273 1058 333 dura
1090 273 1365 345 compede.

441 364 496 420 ς.
540 343 694 403 Licet
732 342 983 416 superbus
1018 347 1258 404 ambules
1291 346 1511 416 pecunia
1528 392 1550 419 ,

610 417 849 475 Fortuna
890 440 998 477 non
1033 436 1213 476 mutat
1250 438 1440 490 genus,

538 488 772 549 Videsne
791 534 809 563 ,
846 491 1063 548 Sacram
1096 489 1352 548 metiente
1393 509 1447 548 te
1480 490 1624 550 viam
1642 506 1678 569 ,ἶ

613 560 763 618 Cum
800 562 877 620 bis
908 563 1073 620 trium
1102 565 1348 620 ulnarum
1381 563 1515 634 toga
1536 608 1553 636 ,

541 634 624 690 Ut
660 653 756 690 ora
788 650 963 692 vertat
1000 634 1106 691 huc
1144 643 1198 694 &
1234 632 1342 691 huc
1377 637 1626 695 cuntium

447 726 533 767 10.
615 703 911 763 Liberrima
945 705 1287 789 indignatio?

538 776 728 834 Sestos
765 778 990 848 flagellis
1023 779 1110 835 hic
1151 774 1630 853 TriumviralibuS,

614 848 878 907 Praeconis
921 850 988 908 ad
1021 847 1292 907 fastidium
1312 892 1332 917 ‚
1580 883 1583 884 ν

544 918 685 978 Atat
716 921 927 978 Falerni
962 922 1110 979 mille
1150 920 1300 980 fundi
1332 921 1562 997 jugera,

615 990 688 1050 Et
725 992 961 1063 Appiam
1001 994 1209 1052 mannis
1246 992 1410 1050 terit:

455 1062 924 1137 25.Sediiibusque
965 1085 1196 1137 magnus
1236 1066 1291 1122 in
1331 1063 1519 1135 primis
1560 1064 1781 1143 EqueS,

618 1133 843 1218 chone
883 1153 1236 1208 contempto,
1275 1135 1438 1195 sedet.
1625 1174 1628 1177 ·

543 1206 698 1279 Quid
735 1208 924 1269 attinet
962 1226 1050 1271 tot
1091 1212 1260 1268 rostra
1293 1210 1515 1269 navium
1551 1207 1741 1283 gravi,

513 1453 567 1502 7.
601 1437 865 1493 ‘Mt-tiente.
905 1446 1034 1488 Dum
1082 1439 1362 1503 ingrederis
1420 1440 1710 1503 compositos
1767 1442 1957 1509 gradu,
2009 1442 2088 1492 uti

446 1503 670 1553 {actitant
698 1506 782 1566 qui
821 1506 1029 1568 spatium
1068 1505 1270 1567 paffibus
1320 1504 1610 1555 metiuntur.

516 1568 720 1619 Sacram
759 1571 911 1621 viam.
940 1572 1049 1619 Lib.
1088 1576 1172 1618 1v.
1207 1571 1300 1619 od.
1344 1585 1395 1618 .1.
1423 1585 1530 1619 ver.
1576 1583 1659 1633 35.

426 1688 432 1694 q
520 1650 570 1696 9.
610 1634 719 1683 Ora
764 1649 937 1687 vertat.
971 1634 1093 1695 Vel,
1131 1630 1232 1682 alib
1271 1647 1462 1695 vertat,
1516 1650 1582 1684 ne
1619 1651 1669 1685 te
1715 1636 1945 1699 respiciat
1972 1672 1990 1698 ,
2026 1649 2091 1685 ue

451 1697 779 1763 indignantes
802 1702 965 1749 soient
1002 1718 1017 1747 τ
1065 1699 1181 1760 vel,
1210 1715 1292 1748 ora
1329 1699 1385 1745 in
1412 1715 1461 1748 te
1499 1701 1672 1764 cupide
1695 1737 1711 1763 ‚
1754 1701 1813 1751 &
1847 1718 1961 1751 cum
1983 1702 2092 1752 risu

456 1778 711 1826 convertat
747 1779 763 1829 3
800 1766 884 1814 vel
907 1801 923 1825 ,
978 1779 1062 1810 ora
1106 1765 1201 1813 huc
1249 1764 1468 1824 illucque
1516 1768 1703 1830 agitet,
1754 1767 1813 1815 in
1849 1767 2030 1816 laevam
2063 1801 2087 1830 ,

456 1827 765 1892 dextramque
791 1846 975 1895 partem
1000 1827 1183 1888 fleaat,
1222 1843 1277 1877 ut
1301 1829 1582 1891 jocantibus
1609 1833 1696 1880 usu
1713 1832 1877 1880 venit.

524 1909 602 1945 10.
643 1897 950 1962 Indignatio.
996 1895 1067 1944 Iis
1098 1895 1419 1958 indignamur
1439 1931 1455 1956 ,
1493 1898 1670 1958 quibus
1692 1897 1919 1946 videmus
1948 1901 2089 1947 bene

455 1959 551 2012 effe
580 1961 806 2029 indignis
841 1963 898 2013 &
939 1961 1336 2011 immerentibuS.
1385 1967 1566 2010 Eorum
1596 1977 1767 2010 contra
1802 1963 2093 2012 miseresci-

452 2043 569 2078 mus
591 2064 607 2090 ,
646 2031 822 2089 quibus
840 2027 965 2076 maie
1003 2026 1069 2075 est
1093 2025 1475 2075 immerentibus
1514 2026 1572 2075 &t
1607 2027 1911 2079 insontibus-

526 2109 606 2144 11.
631 2093 747 2146 Hic.
790 2103 962 2144 Menas
990 2095 1284 2151 vocabatur,
1328 2090 1554 2140 Libertus
1585 2093 1815 2154 Pompeii
1860 2094 2039 2158 Magni
2064 2127 2087 2156 ,

458 2157 599 2219 cuius
635 2161 797 2210 filium
835 2168 1024 2210 Sextum
1067 2157 1360 2218 Pompeium
1385 2190 1401 2217 ,
1438 2171 1570 2204 anno
1596 2163 1663 2207 U.
1697 2163 1755 2207 C.
1799 2159 1916 2221 716.
1939 2160 2091 2208 secu-

458 2237 540 2272 tus
562 2261 578 2285 ,
606 2225 786 2275 deinde
822 2230 879 2275 ab
914 2242 971 2275 eo
1013 2222 1223 2271 descivit
1257 2223 1315 2269 ad
1353 2221 1622 2285 Augustum
1644 2259 1660 2284 ,
1701 2223 1727 2269 a
1754 2240 1850 2281 quo
1890 2230 2090 2272 Roma-

459 2303 557 2338 nus
599 2298 791 2353 Eques,
830 2292 931 2339 imo
974 2289 1225 2336 Tribunus
1282 2286 1502 2335 rnilitum
1546 2303 1733 2337 creatus
1768 2288 1867 2338 fuit
1910 2308 1922 2337 :
1971 2305 2092 2340 mox

460 2366 628 2404 tamen
664 2360 722 2403 ab
769 2355 983 2419 Augusto
1026 2352 1207 2402 defecit
1239 2355 1295 2399 ad
1338 2352 1652 2414 Pompeium.
1701 2361 1812 2414 Quo
1858 2369 2088 2416 tempore

457 2419 657 2468 videtur
691 2423 795 2468 haec
825 2421 927 2470 Ode
969 2420 1023 2468 in
1064 2435 1176 2467 eum
1200 2418 1374 2480 scripta
1410 2437 1423 2466 ε
1459 2418 1540 2465 vix
1577 2420 1713 2467 enirn
1737 2420 1981 2468 credibile
2018 2421 2091 2470 est

459 2487 519 2532 ab
557 2486 759 2533 Horatio
782 2501 879 2533 tam
919 2484 1085 2532 acerbe
1116 2484 1409 2546 descriptum
1448 2481 1589 2532 fuisse
1625 2492 1824 2533 Menam
1851 2522 1867 2547 ,
1907 2503 2087 2546 quam-

401 2588 402 2591 ,
457 2550 542 2598 diu
579 2551 793 2614 Augusto
838 2550 1098 2597 familiaris
1136 2550 1279 2597 fuit:
1319 2549 1409 2596 nisi
1457 2548 1674 2597 dicamus
1713 2564 1834 2598 tunc
1884 2553 2091 2611 quidem

454 2614 662 2675 scriptos
684 2614 828 2664 fuisse
863 2614 981 2663 istos
1029 2614 1290 2664 verficulos
1312 2651 1328 2678 ,
1365 2614 1447 2664 sed
1484 2629 1592 2664 non
1622 2618 1738 2663 ante
1776 2619 1943 2665 Poetae
1981 2617 2097 2666 obi-

457 2691 562 2728 tum
594 2679 648 2726 in
677 2681 856 2745 vulgus
876 2681 1051 2729 editos.

536 2742 967 2796 Triunzviralilms.
1001 2745 1190 2797 Iudicia
1218 2747 1276 2794 de
1300 2744 1455 2794 servis
1490 2744 1545 2795 &
1571 2746 1769 2795 furibus
1791 2750 2091 2797 exercebant

460 2821 563 2857 tres
610 2809 760 2874 vulgb
801 2814 995 2863 Iudices
1049 2813 1270 2862 minores
1294 2846 1309 2873 ,
1352 2811 1438 2872 qui
1474 2811 1778 2874 Triumviri,
1818 2811 1904 2860 seu
1936 2811 2089 2862 Tres-

458 2873 556 2923 viri
591 2876 835 2934 Capitales
865 2880 1174 2929 dicebantur.

531 2954 613 2990 12.
638 2940 912 2995 Proeconis.
952 2943 1076 2994 Cum
1100 2942 1282 3006 aliquis
1311 2941 1506 3004 publice
1549 2956 1720 3005 poenas
1761 2940 1940 3006 flagitii
1966 2942 2091 2992 lue·-

460 3006 574 3065 bat,
607 3009 921 3061 adhibebatur
969 3028 1122 3074 praeco
1143 3047 1158 3071 ,
1193 3029 1258 3060 un
1292 3008 1446 3059 crieur
1472 3011 1670 3073 public,
1720 3009 1805 3068 qui
1848 3007 2094 3069 supplicii

461 3074 649 3123 eausam
683 3077 929 3138 ediceret,
970 3078 1208 3141 populum
1255 3077 1574 3136 admoneret,
1605 3090 1660 3124 ut
1680 3074 1848 3123 alieno
1884 3075 2094 3136 pericu-

462 3135 517 3185 10
553 3140 771 3203 saperet,
811 3143 914 3193 &c.
964 3153 1081 3193 Tam
1113 3142 1240 3204 saepe
1279 3155 1440 3190 autem
1477 3140 1564 3189 iste
1597 3149 1772 3189 Menas
1816 3142 2099 3201 vapulave-

463 3216 566 3269 rat,
611 3222 664 3256 ut
704 3218 990 3260 Praeconem
1028 3207 1354 3272 defatigasset,
1386 3205 1558 3259 fcss‘um
1600 3206 1835 3258 videlicet
1857 3208 2092 3260 claman-

464 3275 565 3339 do,
612 3276 670 3330 &
708 3277 851 3328 illius
888 3276 1069 3327 scelera
1115 3271 1388 3326 recitando·
1816 3296 1821 3299 >
