2269 3773
519 196 696 283 Lib.
759 196 879 284 Π.
940 198 1207 283 Satira
1277 196 1441 284 VI.
1618 221 1782 310 425

169 320 360 407 ferme
387 324 506 389 oc7o
526 377 548 409 ,
596 352 669 392 ex
695 353 806 417 quo
835 332 1142 395 Maecenas
1167 352 1257 393 me
1285 334 1443 393 inter
1449 325 1593 410 filos
1602 328 1793 410 fami-

172 414 349 475 liares
369 423 662 498 cooptavit
678 461 694 491 ,
719 441 783 480 eo
805 414 1034 481 tantum
1054 420 1289 503 consilio
1305 466 1322 496 ‚
1348 437 1414 481 ut
1431 418 1665 479 haberet
1686 419 1788 498 qui
1846 425 1850 428 ’

156 496 231 579 se
256 504 372 563 iter
376 502 699 583 facientem
725 510 787 569 in
813 509 990 568 rheda
1018 502 1426 584 comitaretur,
1472 502 1530 567 δ’
1557 506 1788 588 quicum

171 590 241 648 de
271 590 432 652 rebus
452 592 710 656 leviculis
749 595 1222 679 colloqueretur;
1259 593 1415 657 velut
1437 640 1455 671 ‚
1497 613 1676 675 quota
1702 592 1788 673 est

171 674 320 737 hora
344 673 381 739 ,Ρ
423 700 498 741 an
512 683 817 768 gladiator
853 683 954 743 ille
989 686 1089 767 qui
1123 683 1369 747 Gallina
1406 683 1631 742 dicitur
1652 726 1675 759 ‚
1725 676 1785 739 δ’

169 766 271 856 qui
298 783 501 843 partes
562 770 812 831 Thracis
853 787 1058 833 contra
1097 770 1313 856 Syrum
1364 770 1491 852 agit
1511 815 1533 845 ‚
1571 770 1787 828 adt-er·-

155 849 322 945 ιΙιζνὶο
345 872 466 933 par
506 852 646 940 est?
689 878 833 917 aura
871 858 1165 919 matutina
1198 858 1410 938 incipit
1455 851 1567 938 effe
1589 852 1789 937 frigi-

165 937 338 1016 dtor,
380 937 438 1001 δ’
487 944 739 1005 incautis
783 944 1008 1006 morbos
1051 947 1335 1027 importat
1370 964 1389 1007 .·
1440 940 1497 1002 ἃ
1552 940 1675 1001 αΙὶα
1717 943 1788 1001 id

161 1042 342 1105 genus
386 1047 519 1110 quoe
571 1030 728 1091 nihil
781 1033 982 1093 arcani
1030 1034 1332 1114 requirunt
1355 1077 1379 1108 ,
1428 1050 1497 1090 ac
1546 1030 1778 1109 impune

170 1106 229 1169 δ’
251 1111 377 1194 fine
417 1117 682 1195 periculo
725 1119 1169 1182 committuntur
1208 1117 1433 1180 homini
1473 1117 1652 1176 etiam
1692 1115 1783 1175 lo-

152 1200 450 1295 quaciori.
502 1207 632 1266 Per
651 1203 990 1287 hosfieptem
1031 1225 1215 1267 annos
1248 1202 1541 1287 magisque
1570 1206 1632 1263 in
1660 1203 1783 1266 dies

149 1283 261 1363 sui
301 1286 589 1370 expositus
608 1292 849 1352 invidioe
891 1289 947 1352 δ’
973 1288 1392 1355 obtrec7ati0ni.
1439 1290 1563 1351 Hic
1593 1292 1785 1372 noster

160 1374 500 1453 HoratiuS,
553 1379 823 1460 inquiunt
865 1399 1060 1439 omnes
1088 1379 1299 1462 paffim
1324 1420 1341 1450 ‚
1386 1378 1560 1439 homo
1602 1378 1782 1460 nostri

160 1456 281 1522 loci
323 1456 382 1520 δ’
427 1465 697 1545 ordinis,
742 1485 886 1527 unus
938 1461 968 1526 ὲ
1013 1468 1214 1529 multis
1235 1490 1259 1545 ;
1310 1479 1461 1527 nunc
1519 1461 1779 1525 beatulus

158 1548 243 1629 est
262 1590 279 1622 ‚
322 1567 502 1631 neque
527 1554 708 1613 alium
739 1552 876 1634 plus
905 1550 1069 1615 amat
1087 1556 1373 1619 Fortuna.
1420 1550 1587 1615 Scin’
1611 1549 1808 1613 illurn·

156 1628 277 1693 una
316 1654 442 1695 cum
471 1634 585 1718 fito
633 1641 971 1703 Maecenate
1018 1641 1188 1703 ludos
1214 1632 1612 1723 speHm·iſj”e?
1658 1636 1778 1702 und

155 1740 285 1780 cum
324 1721 426 1783 illo
476 1728 889 1792 exercitationi
927 1727 1175 1794 Iudicrae
1206 1730 1267 1790 in
1307 1746 1510 1808 campo
1535 1725 1775 1789 Martio

155 1804 446 1894 indulsiffe
477 1809 515 1875 ?
536 1816 740 1902 siquis
789 1818 1029 1879 nuncius
1069 1818 1297 1903 tristior
1332 1811 1362 1876 ὲ
1410 1813 1608 1896 rostris
1632 1817 1777 1895 pri·

155 1892 320 1958 miim
370 1918 531 1962 ortus
567 1951 590 1982 ,
651 1905 714 1964 in
757 1906 951 1965 urbem
997 1901 1054 1965 δ’
1093 1903 1381 1988 populum
1411 1900 1773 1983 spargitur,

150 1984 448 2064 extemplo
475 2007 542 2076 ut
564 1992 801 2072 quisque
829 1990 1073 2072 milzifit
1101 1991 1298 2052 obvius
1324 2034 1342 2067 ,
1391 2007 1465 2048 ex
1495 2006 1585 2047 me
1606 2009 1775 2070 quav-

150 2073 241 2133 rit
260 2094 284 2149 ;
333 2074 558 2137 Horati
598 2082 815 2158 optime
842 2125 861 2157 ,
906 2079 972 2138 id
1014 2079 1167 2139 enim
1207 2078 1481 2160 ignorare
1521 2092 1619 2151 te,
1673 2077 1777 2156 qui

120 2218 129 2225 .
137 2160 485 2243 principum
542 2162 967 2245 familiaritate
1028 2162 1085 2226 ἃ
1151 2163 1442 2246 colloquio
1479 2158 1716 2242 fruaris
1750 2206 1771 2240 ,

148 2247 427 2310 credibile
464 2272 579 2313 non
617 2256 699 2341 est
737 2298 756 2330 ,
809 2250 1031 2315 nihilne
1086 2253 1157 2312 de
1200 2252 1393 2331 Dacis
1441 2250 1708 2334 studuisti
1733 2246 1774 2312 ,⁷

148 2334 341 2399 Nihil
359 2335 645 2419 profi-cib.
694 2343 865 2404 Itane
901 2335 1137 2421 semper
1165 2332 1466 2420 jocaberis
1491 2382 1515 2414 ‚
1558 2357 1629 2398 ac
1668 2357 1773 2402 nos

148 2424 358 2488 illudes
383 2425 419 2491 ?
458 2429 591 2512 Ego
629 2424 762 2491 verb
815 2426 1138 2508 dispeream
1170 2470 1188 2503 ,
1229 2424 1286 2509 fi
1326 2426 1638 2509 quidquam
1668 2443 1773 2484 au·
1839 2468 1842 2473 -

146 2518 292 2579 divi.
348 2516 512 2597 Quid
534 2511 571 2578 ?
600 2536 769 2601 agros
791 2562 813 2594 ,
842 2536 983 2600 quos
1018 2514 1303 2575 veteranis
1331 2512 1603 2597 promifit
1637 2510 1769 2575 Au-

145 2745 340 2790 quoque
377 2727 668 2791 promifiss'e,
708 2728 945 2776 nimirum
972 2728 1100 2776 circa
1124 2741 1308 2774 annum
1345 2727 1403 2773 ab
1436 2727 1553 2773 urbe
1572 2723 1769 2772 condita

143 2807 266 2857 720.
308 2802 433 2856 Lege
465 2793 666 2857 virgilii
700 2793 901 2855 primam
962 2792 1215 2855 Eclogam.
1661 2802 1664 2805 ·

215 2856 451 2922 Cognata.
476 2857 712 2906 censebat
738 2858 1039 2920 Pythagoras
1078 2854 1338 2902 hominum
1366 2853 1553 2900 animas
1572 2850 1629 2898 in
1657 2849 1769 2897 ani-

141 2924 349 2970 malium
372 2958 388 2983 ,
416 2919 516 2970 imb
545 2920 600 2969 &
624 2921 929 2985 leguminum
950 2956 964 2981 ‚
1014 2934 1216 2980 corpora
1260 2917 1617 2979 transmigrare.
1665 2921 1767 2962 Po-

137 3001 268 3034 terat
315 2987 468 3051 igitur
504 2985 634 3032 fabas
675 2985 917 3046 appellare
963 2997 1193 3047 cognatas
1204 3017 1227 3041 ,
1276 2981 1331 3028 in
1378 2996 1493 3040 quas
1534 2977 1767 3026 videlicet

135 3052 368 3113 humawnae
405 3051 582 3098 animae
600 3085 615 3109 ,
642 3065 694 3096 ac
725 3048 911 3095 forraffe
945 3046 1139 3096 suorum
1166 3045 1549 3108 propinquorum
1570 3079 1583 3102 ‚
1609 3043 1766 3089 trans·

110 3115 451 3179 'migrass'ent.
505 3116 710 3161 Animas
757 3114 892 3159 enim
945 3126 1117 3158 omnes
1153 3146 1168 3169 ,
1212 3107 1521 3172 qubcumqne·
1571 3109 1764 3154 demum

135 3179 571 3243 transmigrarent,
600 3191 829 3243 cognatas
865 3175 922 3226 8(
956 3173 1194 3226 affinitate
1248 3175 1379 3224 inter
1421 3171 1469 3222 se
1520 3170 1766 3225 devinstas

134 3243 235 3294 effe
271 3243 516 3295 statuebat.
