2269 3773
459 247 638 332 Lib.
700 246 866 332 ΠΙ.
934 247 1108 332 Ode
1168 247 1520 332 XXIII.
1648 277 1807 359 177.

175 404 278 447 cos
297 431 321 465 ,
364 406 568 472 greges
590 435 609 463 ‚
660 387 971 473 domosque
1004 390 1203 449 eodem
1237 391 1456 470 impetu
1474 383 1675 467 secum
1704 405 1811 445 ra·-

163 477 268 554 pit
293 521 318 552 ,
368 496 485 536 non
535 474 665 559 fine
709 479 932 560 ingenti
963 475 1216 559 fragore
1262 472 1332 537 ac
1366 474 1523 558 sono
1563 515 1583 548 ,
1645 492 1813 556 quem

175 561 355 622 vicini
394 583 620 625 montes
662 586 734 626 ac
749 564 951 651 sylvae
995 567 1301 627 remittunt
1316 587 1342 644 ;
1393 564 1555 647 quod
1576 563 1811 644 quidem

175 666 299 710 tum
330 649 638 733 praecipue
673 656 904 719 accidit,
927 655 1158 738 quando
1194 672 1477 736 aquarum
1505 647 1721 731 subitd
1751 652 1813 712 vi

176 733 233 798 ἃ
261 738 645 802 inundatione
665 741 929 826 flumina
948 736 1123 821 prius
1155 740 1477 822 tranquilla
1517 734 1809 816 intumes-

174 841 313 903 cunt
332 871 356 903 ,
403 823 462 887 G*
505 830 587 888 ad
603 828 869 915 stragem
911 826 1029 890 late
1070 831 1131 888 in
1125 828 1437 911 ferendam
1460 826 1807 910 effieruntur.

176 911 291 973 Ille
313 908 425 993 sui
465 915 731 978 dominus
777 913 836 978 δ’
879 935 1113 998 compos
1151 918 1301 977 viret
1323 963 1348 996 ‚
1399 921 1499 1000 qui
1524 914 1810 994 kocpro-

177 1003 461 1062 nunciare
485 1002 736 1087 fingulis
763 1003 959 1065 diebus
1002 999 1131 1065 ver}
1169 1005 1476 1084 potuerit,
1524 1002 1650 1063 vixi
1689 1001 1809 1062 lzo-

177 1088 319 1166 dte;
366 1091 529 1171 quod
568 1093 651 1151 ad
678 1095 989 1178 crastinam
1018 1089 1246 1173 spec‘lat
1271 1093 1424 1152 diem
1445 1138 1468 1169 ,
1521 1109 1647 1151 eam
1662 1087 1811 1171 sane

177 1174 417 1256 Jupiter
453 1176 550 1238 vel
585 1182 735 1241 atris
763 1178 1004 1243 nubibus
1042 1178 1333 1260 obducat,
1375 1178 1469 1239 vel
1509 1196 1712 1258 aperto
1749 1175 1809 1240 f?

177 1265 429 1325 candido
462 1264 596 1347 sble
633 1269 812 1329 donet
847 1286 866 1328 .·
912 1285 1189 1330 caeterum
1233 1271 1296 1329 in
1340 1285 1428 1325 res
1465 1266 1810 1346 praeteritas

158 1346 323 1434 juris
375 1351 470 1411 illi
517 1353 677 1417 nihil
717 1352 774 1417 δι’
801 1357 1112 1438 potestatis
1148 1355 1234 1438 est
1257 1403 1280 1434 ,
1331 1353 1595 1436 quodque
1624 1350 1819 1433 semel

159 1437 392 1519 sadum
428 1441 549 1525 est,
598 1439 870 1522 infec‘lum
909 1438 1019 1526 eſj'e
1062 1441 1279 1527 nequit.
1333 1441 1640 1516 Fortuna,
1690 1460 1803 1502 cu·-

166 1523 271 1607 jus
306 1530 605 1609 negotium
656 1528 714 1592 G’
754 1531 1060 1612 occupatio
1103 1551 1223 1592 una
1266 1529 1497 1591 videtur
1536 1524 1647 1610 effe
1670 1575 1693 1606 ‚
1745 1546 1814 1591 ut

171 1616 242 1676 in
289 1617 574 1679 mortales
612 1613 833 1696 [ξενίαι
856 1663 874 1698 ,
924 1637 1059 1701 quae
1100 1619 1164 1678 in
1211 1637 1278 1689 eo
1332 1617 1597 1700 constans
1650 1617 1810 1677 dun-

171 1720 350 1764 taxat
370 1703 487 1787 est,
533 1700 593 1765 δ’
628 1702 916 1789 ορβἰηαῑα
938 1751 959 1784 ,
1005 1721 1073 1765 ut
1097 1703 1354 1769 ludibrio
1389 1722 1493 1766 nos
1506 1723 1625 1785 per
1627 1700 1813 1784 surn-

171 1810 334 1852 mam
380 1786 753 1872 ianlentiam
791 1814 861 1855 ae
895 1796 1260 1874 proterviam
1303 1790 1563 1868 habeat,·
1614 1792 1810 1853 hono-

174 1898 269 1939 res
315 1878 535 1962 infidos
580 1880 694 1943 huc
728 1876 876 1948 illuc'
919 1876 1204 1960 transflert
1225 1930 1247 1961 ,
1299 1877 1358 1943 G·
1396 1875 1569 1941 mod&
1615 1881 1765 1950 mihi
1784 1928 1807 1959 ,

170 1963 349 2029 mod&
393 1967 537 2029 aliis
564 1966 755 2049 favet.
810 1971 883 2034 Si
924 1971 1084 2051 apud
1123 1990 1216 2031 me
1255 1970 1586 2053 constanter
1627 1968 1811 2029 habi-

172 2072 273 2117 tat
290 2100 314 2132 ,
360 2055 638 2137 gratulor
675 2054 734 2118 δ’
773 2058 1002 2140 gratias
1046 2075 1204 2139 ag03
1236 2056 1294 2140 fi
1340 2055 1539 2117 avolat
1561 2101 1584 2132 ,
1634 2057 1810 2139 resti-

170 2159 276 2205 tuo
318 2141 414 2203 illi
435 2140 555 2223 sua
596 2165 883 2224 munera,
942 2141 1001 2206 θ’
1053 2145 1269 2206 redono
1294 2188 1318 2220 ,
1367 2143 1608 2225 meaque
1651 2164 1807 2204 con-

168 2249 370 2293 tentus
391 2232 605 2295 virtute
629 2263 654 2313 ,*
695 2253 787 2293 me
821 2251 1026 2294 contra
1062 2230 1224 2293 illius
1254 2226 1506 2311 injurias
1545 2224 1603 2289 δ’
1637 2252 1811 2292 acer-

166 2319 418 2382 bitatem
454 2337 628 2382 tueor
671 2341 740 2382 ac
784 2319 1031 2403 deflendo
1058 2344 1084 2401 ,·
1116 2336 1641 2402 paupertatemque
1679 2340 1813 2383 cum

151 2407 467 2490 probitate
522 2403 886 2491 conjunHam
922 2457 945 2488 ,
1019 2427 1087 2471 ut
1156 2409 1457 2470 mulierem
1511 2406 1762 2489 probam
1787 2454 1813 2488 ,

163 2497 432 2580 quamuis
459 2516 751 2559 carentem
778 2499 914 2576 dote
930 2542 947 2572 ,
979 2492 1294 2578 amplec‘lor
1318 2493 1377 2557 δ’
1404 2494 1620 2557 ambio.
1659 2498 1808 2560 Non

162 2587 220 2646 is
256 2604 368 2667 ego
388 2581 530 2666 sum
567 2586 670 2669 qui
688 2585 959 2666 procella*
977 2581 1263 2665 soeriente
1302 2581 1361 2647 δ’
1405 2582 1592 2645 malos
1634 2582 1805 2648 labe·-

142 2670 425 2755 fac‘lante
444 2717 464 2751 ,
506 2672 872 2735 lamentabili
920 2693 1055 2735 voce
1099 2675 1355 2754 Superos
1382 2672 1638 2756 fatigem
1664 2720 1687 2753 ‚
1743 2670 1804 2736 Ee

161 2761 319 2822 votis
361 2759 655 2843 precibus
675 2782 746 2823 ue
799 2760 957 2823 velut
994 2759 1272 2843 paciscar
1332 2780 1461 2823 cum
1508 2759 1629 2821 illis
1652 2808 1676 2842 ,
1733 2783 1808 2823 ne

153 2868 389 2910 merces
405 2895 430 2928 ‚
470 2782 675 2933 quasg
715 2850 884 2935 Tyro
911 2849 1228 2935 vel-Cypro
1265 2849 1599 2911 advexerint
1625 2895 1647 2927 ,
1700 2852 1806 2910 de-

159 2956 513 3022 mergantur
545 2939 610 3000 in
642 2957 836 3019 mare,
883 2939 947 3000 in
986 2957 1099 3023 quo
1141 2955 1232 3000 tot
1244 2934 1382 3023 jam
1421 2958 1554 3021 opes
1580 2937 1802 3024 haustae

234 3169 316 3222 57.
341 3148 572 3218 Africis.
613 3158 709 3206 Vel
740 3160 798 3205 ab
819 3154 1007 3205 *Africo
1039 3169 1191 3203 vento
1213 3154 1421 3204 Australi
1441 3190 1460 3220 ,
1499 3153 1766 3204 concitatis
1784 3188 1803 3219 ,

158 3222 250 3272 vel
290 3225 352 3270 ab
386 3221 591 3283 Africi,
641 3223 773 3271 unde
809 3220 888 3269 flat
919 3227 1080 3271 Notus
1106 3254 1124 3280 ,
1167 3219 1413 3282 profeffis.

241 3285 428 3348 Tyria.
469 3294 666 3349 Tyrus,
708 3290 824 3340 urbs
863 3286 1060 3336 littorea
1088 3284 1365 3336 Phoeniciae
1396 3283 1455 3332 in
1486 3283 1593 3335 AM
1619 3297 1798 3345 empo-

159 3349 301 3402 tium
332 3350 663 3405 claxiffimum.
844 3348 863 3357 ’

1331 3410 1496 3478 Hv
