2269 3773
504 232 670 318 240
900 208 1006 319 Q.
1070 205 1386 290 Horatii
1441 204 1729 291 Flacci.

597 339 714 398 Nec
744 336 856 396 fera
895 338 1118 395 caerulea
1156 336 1369 396 domuit
1405 337 1698 400 Germania
1731 337 1871 408 pube
1882 353 1911 414 3

673 409 1084 481 parentibusque
1122 410 1458 468 abominatus
1494 412 1764 482 Annibal,

597 483 770 555 Impia
812 482 1093 552 perdemus
1127 480 1307 541 devoti
1347 482 1616 553 sanguinis
1650 490 1816 543 aetas‘ss

521 573 608 614 ιο.
693 555 943 627 Ferisque
982 553 1159 612 rursus
1194 553 1536 625 occupabitur
1572 556 1768 615 (olum.

600 627 893 700 Barbarus,
940 624 1079 683 heu!
1137 626 1333 684 cineres
1371 626 1565 683 insistet
1598 626 1806 696 vidior,
1845 633 1901 685 &
1942 625 2131 685 urbem

672 699 851 770 Eques
886 700 1101 758 sonante
1133 697 1434 774 verberabit
1473 719 1541 754 nn
1587 699 1716 758 ula?

598 769 850 844 Quaeque
886 787 1064 827 carent
1106 769 1279 828 ventis
1363 776 1418 826 ὃ(
1459 769 1554 826 soli
1595 791 1691 842 ιιε,
1734 769 1843 830 offa
1876 770 2133 844 Quirini,

670 840 839 900 Nefas
864 842 1073 911 videre,
1114 815 1374 912 dissipabit
1414 840 1672 901 insolens?

506 913 767 986 15.Forte
782 959 796 985 ,
823 913 951 985 quid
973 913 1244 985 expediat,
1269 913 1659 984 communiter,
1677 914 1976 973 autmelior
1993 932 2142 987 pars,

673 986 836 1043 Malis
873 1006 1048 1043 carere
1080 985 1313 1056 quaeritis
1348 985 1637 1044 laboribus,
1706 993 1712 1019 '

596 1056 764 1115 Nulla
805 1057 868 1115 fit
904 1056 1002 1116 hac
1038 1058 1220 1128 potior
1258 1056 1514 1114 sententia
1552 1083 1566 1111 .-
1605 1054 1968 1115 Phocaeorum

670 1130 844 1188 Velut
879 1130 1122 1202 profugit
1159 1146 1401 1187 execrata
1434 1128 1619 1187 civitas

598 1202 813 1274 Agros»,
858 1218 1019 1273 atque
1056 1202 1217 1259 Lares
1257 1200 1457 1272 patrios
1492 1198 1888 1272 habitandaque
1931 1197 2057 1257 fana

499 1296 591 1334 ιο.
674 1275 836 1347 Apris
859 1272 1083 1344 reliquit
1119 1281 1174 1330 &
1217 1273 1491 1340 rapacibus
1526 1272 1701 1343 lupis:

597 1347 681 1406 Ire
700 1392 713 1411 .
752 1346 911 1419 pedes
933 1365 1251 1417 quocunque
1271 1345 1471 1417 ferent,
1508 1364 1827 1416 quocunque
1843 1364 1939 1414 per
1962 1341 2128 1401 undas

669 1418 849 1477 Notus
881 1418 1126 1485 vocabit,
1170 1434 1263 1473 aut
1291 1436 1571 1488 protervus
1603 1414 1834 1474 Africus.

603 1492 689 1547 Sic
717 1495 930 1562 placet?
968 1511 1032 1546 an
1077 1488 1267 1549 melius
1302 1489 1419 1559 quis
1456 1487 1616 1545 habet
1637 1487 1885 1547 suadere?
1906 1484 2130 1545 secundi

667 1563 866 1618 Ratem
905 1581 1163 1631 occupare
1201 1559 1326 1633 quid
1357 1580 1633 1618 moramur
1666 1560 1837 1619 alite?

502 1632 709 1704 25.Sed
749 1635 986 1703 juremus
1020 1631 1076 1688 in
1113 1630 1229 1691 haec
1265 1659 1280 1686 .·
1321 1632 1475 1689 fimul
1510 1633 1629 1690 imis
1662 1635 1781 1690 saxa
1823 1629 2062 1701 renarint

670 1704 840 1762 Vadis
871 1708 1078 1772 levata,
1121 1725 1187 1760 ne
1232 1704 1399 1762 redire
1437 1703 1502 1760 fit
1549 1701 1729 1768 nefas,-

596 1775 721 1833 Neu
755 1775 1004 1853 conversa
1034 1774 1261 1834 domum
1290 1778 1475 1849 pigeat
1511 1775 1635 1834 dare
1675 1775 1839 1834 lintea
1861 1819 1879 1848 ,
1912 1772 2132 1847 quando

563 2003 613 2054 7.
650 1988 929 2039 Germania.
968 1992 1149 2039 Gravia
1179 1992 1303 2053 saepe
1339 2009 1449 2041 cum
1479 1976 1729 2041 Romani?
1754 1991 1885 2040 bella
1916 1997 2130 2040 Germa-

499 2055 558 2105 ni
596 2055 875 2121 gesserunt,
906 2056 1176 2119 praesertim
1210 2058 1398 2106 Cimbri
1451 2057 1507 2108 &
1542 2066 1825 2118 Teutones,
1861 2073 1987 2119 quos
2018 2063 2128 2104 Ma·

501 2121 607 2170 rius
646 2120 926 2186 profligavit
970 2137 1104 2169 anno
1131 2128 1195 2172 U.
1238 2128 1298 2170 C.
1338 2123 1682 2172 sexcentesimo
1725 2122 2124 2188 quinquagesimo

498 2187 714 2236 secundo
743 2220 761 2248 ‚
799 2188 931 2235 caefis
963 2201 1134 2235 eorum
1182 2187 1394 2250 amplius
1431 2189 1670 2237 trecentis
1709 2187 1959 2237 millibus.

565 2250 720 2302 Pube.
753 2259 1016 2304 Iuventute
1059 2271 1072 2300 :
1107 2252 1354 2301 militibus
1377 2253 1734 2303 valentiffimis.
1761 2253 2014 2301 Caeruleos
2034 2267 2125 2313 ap-

501 2318 653 2381 pellat
688 2317 764 2365 hic
797 2324 1106 2377 Germanos,
1143 2319 1256 2377 quia
1297 2318 1471 2367 oculos
1518 2319 1621 2367 fere
1657 2319 1817 2368 caefios
1863 2320 2125 2368 habebant.

569 2382 619 2430 8.
655 2380 1004 2431 Abominatus.
1044 2382 1271 2430 Patiendi
1292 2383 1703 2448 significationem
1736 2383 1822 2431 ista
1853 2398 1949 2431 vox
1977 2386 2121 2432 habet

501 2449 594 2496 hoc
621 2448 676 2495 in
719 2447 851 2496 loco.
887 2446 1258 2496 Detestabantur
1280 2449 1579 2498 Annibalem
1619 2464 1844 2510 parentes
1869 2483 1885 2510 ,
1917 2463 2124 2510 quorum

501 2512 634 2560 filios
672 2526 769 2563 tam
805 2514 987 2561 multos
1025 2512 1361 2565 interemerat.
1396 2515 1485 2565 Vel
1516 2550 1532 2576 ,
1554 2511 1862 2578 furentibus
1899 2548 1915 2575 ,
1965 2513 2128 2561 inter-

502 2592 724 2639 pretare,
762 2578 938 2625 nostris
974 2577 1261 2638 majoribuS.
1900 2594 1907 2599 ⁴

573 2656 651 2697 14.
691 2639 848 2702 Nefas
888 2640 1063 2691 videre.
1101 2643 1387 2693 secluserat
1417 2644 1510 2692 offa
1542 2659 1844 2694 mortuorum
1881 2644 2125 2706 refodere,

500 2705 703 2752 scrutari
739 2706 957 2753 tumulos
981 2741 996 2766 ,
1035 2705 1141 2756 &c.
1184 2709 1436 2772 Praecipue
1463 2726 1623 2759 autem
1653 2710 1860 2759 Romuli
1899 2709 2124 2758 occulta-

506 2774 679 2817 bantur
706 2768 828 2831 oss'a,
861 2784 913 2817 ut
954 2770 1152 2821 facilius
1175 2774 1380 2822 credula
1405 2775 1537 2837 plebi
1573 2776 1940 2838 persuaderetur
1958 2810 1974 2836 ‚
2011 2789 2127 2823 eum

507 2834 652 2883 terris
693 2850 913 2896 ereptum
941 2872 956 2895 ‚
1001 2834 1058 2885 Sc
1091 2839 1289 2899 Superis
1329 2840 1591 2903 ascriptum
1621 2840 1731 2889 esse.

577 2898 656 2947 1⁶.
695 2897 880 2948 Carere.
919 2906 1050 2949 Cave
1102 2901 1280 2967 iungas
1318 2906 1443 2952 hanc
1488 2921 1657 2954 vocem
1707 2920 1819 2954 cum
1870 2902 2125 2968 quar-itis,

504 2964 630 3025 quafi
672 2965 913 3013 sententia
949 2965 1077 3027 esset,
1104 2968 1319 3028 quaeritis
1347 2985 1506 3018 carere
1544 2990 1555 3018 z
1584 2970 1651 3019 est
1683 2984 1842 3017 autem
1866 2970 1948 3017 hic
1979 2971 2120 3030 ordo,

507 3044 561 3076 ur
599 3029 944 3091 interpretatus
983 3031 1130 3094 sum;
1171 3034 1392 3094 quaeritis
1434 3035 1548 3096 quid
1600 3036 1822 3097 expediat
1846 3069 1860 3093 ,
1921 3051 2124 3096 carere,

509 3094 560 3141 id
585 3094 649 3142 est
676 3132 691 3156 ,
722 3096 804 3155 qui
843 3094 887 3143 fa
901 3099 962 3143 sto
993 3095 1050 3143 fit
1075 3113 1199 3161 opus
1231 3113 1285 3145 ut
1325 3100 1566 3162 careatis3
1601 3101 1760 3161 estque
1790 3098 1986 3148 locutio
2018 3101 2127 3163 pla-

509 3160 573 3206 ne
600 3162 760 3208 Graeci
789 3160 1034 3207 sermonis
1057 3198 1070 3220 ‚
1113 3162 1198 3222 qui
1219 3162 1425 3211 latinam
1460 3165 1746 3227 particulam
1774 3179 1824 3213 ut
1864 3181 1980 3212 cum
2012 3167 2127 3214 sub-

507 3222 725 3284 junstivo
763 3227 905 3271 modo
942 3225 1142 3295 posi-tam
1177 3228 1319 3278 effert
1352 3245 1440 3292 per
1484 3230 1830 3294 infinitivum,
1864 3230 2122 3295 addendo,

507 3289 587 3338 vel
624 3289 952 3339 subaudiendo
973 3325 992 3355 ,
1023 3302 1196 3342 ενεκαε.

1841 3365 2081 3450 inquam
2099 3410 2127 3450 ,
