2269 3773
544 243 745 344 Hor.
804 258 977 342 Sat.
1029 258 1128 342 L.
1189 257 1260 341 I.
1308 254 1580 340 Satira
1620 254 1691 341 Ῑ.
1755 280 1920 367 255

343 619 1874 705 INTERPRETATIO.

296 764 719 959 Qtrofieri
750 868 893 953 fato
922 871 1116 934 dicam
1144 918 1166 952 ,
1220 872 1532 935 Maecenas
1554 917 1577 949 ,
1607 888 1676 932 ut
1714 867 1938 933 nemini

266 956 394 1041 Jua
418 958 555 1043 fors
578 1008 601 1039 ,
643 982 713 1023 ac
757 963 900 1025 vitae
936 963 1266 1045 institutum
1298 961 1541 1041 placeat
1561 1007 1583 1038 ,
1620 961 1740 1045 five
1785 958 1949 1019 illudo

283 1048 527 1131 confilio
581 1045 639 1110 δ’
680 1052 844 1113 εεντᾶ
905 1056 1133 1113 ratione
1172 1046 1369 1129 fuerit
1429 1049 1731 1128 amplexus
1753 1072 1781 1128 ;
1810 1048 1934 1132 five

283 1137 549 1199 oblatum
574 1133 612 1198 ἃ
662 1136 799 1219 casu
840 1140 1223 1220 Fortundque
1263 1140 1588 1221 arripuerit
1629 1158 1648 1200 .·
1687 1155 1756 1197 ut
1790 1136 1932 1197 aliis

286 1223 502 1288 melius
547 1223 723 1307 quarn
751 1226 865 1311 fibi
902 1247 1079 1308 putet
1118 1222 1231 1311 effe
1257 1273 1278 1304 ,
1338 1247 1408 1288 ac
1447 1226 1581 1287 illos
1607 1273 1629 1304 ,
1680 1225 1780 1307 qui
1826 1226 1935 1285 di-

287 1313 452 1396 verso
491 1312 719 1376 vivendi
795 1336 963 1376 encre
992 1314 1049 1380 ἃ
1075 1316 1416 1378 conditione
1448 1334 1738 1390 utuntur,
1789 1310 1937 1372 bea-

291 1418 384 1462 tos
416 1404 712 1482 praeclicet
740 1450 757 1467 .
824 1404 992 1466 miles
1039 1400 1334 1484 confec-7115
1363 1401 1539 1484 fiznio
1570 1448 1589 1480 ‚
1643 1402 1945 1464 diuturnis

293 1491 580 1552 oerumnis
642 1512 711 1552 ac
775 1491 999 1553 bellicis
1062 1491 1355 1555 laboribus
1419 1494 1663 1555 attritus
1687 1538 1708 1569 ,
1766 1483 1944 1571 quarn

294 1576 484 1658 bene,
531 1580 723 1662 inquit
749 1627 770 1658 ,
826 1601 958 1642 cum
1006 1579 1430 1642 mercatoribus
1481 1578 1727 1665 agitur!
1782 1577 1944 1639 Con-

297 1683 392 1727 tra
432 1663 571 1736 vero
608 1686 904 1730 mercator
927 1664 1373 1751 soe1⁹a⁴jac7atus
1401 1671 1774 1755 tempestate,
1814 1665 1945 1726 mi-

293 1755 470 1816 litum
511 1753 650 1837 sors
675 1803 697 1835 ,
754 1758 886 1833 ait,
942 1754 1000 1819 δ’
1056 1760 1317 1821 conditio
1378 1754 1563 1821 multo
1614 1759 1697 1841 est
1746 1754 1946 1837 nostra

287 1841 685 1924 fortunatior.
740 1846 967 1927 Quidni
996 1853 1152 1909 enim
1174 1842 1209 1911 ?
1262 1847 1428 1930 Quid
1451 1839 1682 1910 tantum
1730 1846 1789 1907 in
1817 1845 1947 1904 mi·-

296 1934 441 1995 litia*
451 1934 714 2014 periculi
739 1955 807 1996 ac
842 1931 1099 2015 miseriae
1119 1931 1249 2020 est?
1278 1939 1673 1999 committitur
1681 1952 1885 2016 pugna
1906 1924 1947 1992 ?

301 2025 587 2103 temporis
615 2019 826 2104 punHo
855 2025 1068 2108 statim
1102 2027 1266 2087 cadit
1304 2025 1472 2086 miles
1495 2072 1518 2105 ,
1567 2040 1671 2084 aut
1691 2015 1950 2105 glorios)

302 2252 390 2286 aut
430 2236 673 2287 calathum
718 2238 856 2285 sonat
879 2273 897 2299 ‚
933 2240 992 2286 in
1024 2256 1120 2299 quo
1154 2240 1295 2288 variae
1334 2238 1506 2303 fruges
1550 2236 1822 2299 promiscuz·
1856 2250 1943 2284 re-

305 2305 635 2367 ponebantur.
674 2309 885 2366 Vagatur
908 2304 1046 2353 enim
1079 2303 1222 2353 satira
1255 2304 1463 2365 impune
1488 2318 1572 2364 per
1598 2301 1765 2351 omnia
1792 2301 1915 2349 vitia
1934 2337 1950 2362 ,

306 2383 475 2428 neque
509 2368 685 2415 ordine
716 2367 823 2416 ullo
855 2381 941 2415 aut.
962 2369 1127 2417 limite
1163 2374 1433 2427 co‘e'rcetur.
1476 2368 1811 2416 casaubonum
1834 2365 1954 2428 lege

304 2431 366 2483 in
398 2432 632 2495 lingulati
665 2447 810 2493 quern
843 2432 904 2479 de
955 2435 1103 2483 Satira
1157 2434 1442 2494 conscripsit
1482 2433 1630 2482 libro,
1675 2430 1757 2479 Isti
1805 2445 1950 2492 porro

305 2497 443 2546 Libri
480 2497 740 2546 Satirarum
773 2497 868 2543 duo
889 2532 904 2558 ,
932 2511 1038 2549 tum
1071 2498 1217 2547 etiam
1271 2499 1356 2546 alii
1390 2497 1597 2546 totidem
1623 2495 1947 2558 Epistolarum

307 2564 397 2622 qui
415 2562 683 2622 sequuntur
710 2600 724 2625 ‚
753 2563 1090 2623 appellantur,
1139 2562 1281 2612 Libri
1308 2561 1582 2612 Sermonum
1604 2597 1619 2623 ‚
1668 2561 1779 2622 quia
1822 2559 1953 2607 scri-

305 2627 462 2675 bendi
503 2627 629 2673 ratio
654 2662 668 2686 ,
704 2631 795 2688 qua
829 2625 885 2674 in
914 2627 978 2675 iis
1015 2629 1172 2676 utitur
1214 2629 1483 2688 Horatius,
1521 2627 1587 2676 est
1623 2626 1858 2674 humilior
1895 2623 1955 2674 ὃ(

304 2689 603 2752 quotidiano
635 2690 853 2740 sermoni
887 2693 1088 2756 propior
1115 2727 1130 2752 ,
1167 2709 1220 2741 ac
1242 2692 1414 2741 solutae
1449 2693 1684 2742 orationi.
1711 2692 1828 2741 odae
1851 2689 1957 2752 spi-

305 2771 421 2804 rant
453 2755 636 2815 aliquid
664 2756 848 2805 elatius
870 2791 884 2815 ,
920 2758 1154 2820 grandius
1204 2757 1262 2807 &2
1304 2758 1546 2805 ornatius.

380 2835 433 2870 2.
467 2820 562 2869 Seu
608 2823 739 2870 ratio
775 2822 975 2871 dederit.
1017 2821 1148 2871 Inest
1183 2821 1238 2870 in
1269 2822 1459 2871 ratione
1489 2822 1700 2871 delefius
1725 2819 1780 2871 &
1809 2819 1960 2880 iudi·-

310 2885 483 2948 cium5
520 2886 578 2933 in
621 2888 766 2946 casu,
799 2887 1047 2936 temeritas
1085 2888 1304 2951 quaedam
1328 2923 1344 2944 ‚
1391 2888 1473 2936 seu
1508 2888 1852 2949 opportunitas
1891 2879 1952 2933 Bt

308 2951 498 2999 occasio
527 2987 543 3012 ,
601 2952 680 3000 dat
722 2953 849 3001 ratio
906 2951 1059 3017 igitur
1115 2969 1170 3000 ae
1217 2951 1373 3001 defert
1414 2951 1565 3000 :sors
1617 2953 1827 3016 objicit,
1899 2948 1958 3000 &e

311 3017 562 3066 obtrudit.
767 3054 772 3061 .

383 3093 433 3142 5.
469 3079 667 3130 FraHus
710 3089 931 3131 membra.
981 3086 1157 3129 Graeco
1193 3097 1329 3130 more
1373 3081 1573 3129 diaum.

385 3161 469 3194 11.
503 3144 664 3209 Datis
707 3148 930 3197 vadibus.
958 3147 1116 3195 vades
1144 3147 1244 3194 five
1271 3146 1523 3208 sponsores
1546 3181 1560 3205 ,
1605 3144 1646 3192 ii
1683 3144 1951 3207 dicuntur,

312 3211 401 3272 qui
443 3211 743 3273 promittunt
778 3213 990 3273 aliquem
1008 3212 1065 3260 in
1094 3210 1200 3274 jure
1238 3212 1518 3260 adfuturum
1544 3209 1624 3257 die
1646 3209 1942 3272 constituta,

315 3274 561 3327 Cautions
600 3274 995 3343 (Κέροηᾶαηε.)
1034 3283 1095 3324 In
1134 3291 1187 3324 re
1231 3275 1468 3338 capitali,
1492 3280 1636 3324 vades
1658 3290 1674 3334 ς
1698 3275 1753 3322 in
1787 3289 1837 3320 re
1870 3275 1949 3322 cl-

317 3342 444 3407 vili,
467 3350 654 3406 prades
681 3378 697 3405 ,
738 3342 960 3394 usitatius
1001 3340 1336 3407 appellantur.
1374 3346 1527 3392 Porro
1563 3339 1734 3391 vadem
1771 3338 1949 3395 dietum
2002 3376 2003 3383 η
