2269 3773
481 193 543 281 .3
565 194 594 248 1
614 196 665 249 0
896 159 1227 244 Horatii
1283 156 1724 242 Satirarum

592 294 657 350 In
695 289 1101 349 Mamurrarum
1141 287 1249 346 lass!
1287 285 1475 345 deinde
1508 286 1639 345 urbe
1684 305 2003 363 manemus,

593 364 828 422 Murena
866 362 1138 433 praebente
1175 360 1402 418 domum
1425 404 1443 429 ,
1479 358 1750 430 Capitone
1780 361 2044 419 culinam.

591 436 808 493 Postera
848 438 937 493 lux
979 434 1151 491 oritur
1194 431 1375 489 multo
1454 430 1703 491 ratiffima
1742 456 1754 488 :
1798 454 2041 506 namque

493 509 836 585 40.Plotiu5,
876 515 929 564 &
961 505 1190 578 Variu5‚
1227 505 1388 561 Sinuc
1434 524 1508 571 ae,
1548 503 1922 576 Virgiliusque

592 580 927 638 Occurrunt3
968 577 1197 649 animae,
1234 578 1413 647 quales
1450 595 1623 647 neque
1667 575 2000 634 candidiores

594 651 653 708 T
654 672 769 709 erra
812 650 971 723 tulit,
1015 669 1190 720 neque
1235 647 1386 719 queis
1424 668 1515 705 me
1553 647 1617 705 fit
1653 647 1951 707 devinstior
1998 650 2145 710 alter.

594 721 650 779 O
693 723 785 794 qui
826 721 1169 792 complexus,
1214 728 1266 776 δι
1309 718 1508 791 gaudia
1584 740 1744 779 nanta
1780 719 2039 780 fuerunt!

592 792 687 849 Nil
723 814 828 865 ego
871 792 1194 851 contulerim
1223 789 1499 861 jucundo,
1558 813 1728 862 anm,
1776 793 1979 850 amico,

494 865 853 939 '45-Proxima
891 863 1179 936 Campano
1217 863 1379 920 Ponti
1415 883 1532 933 quae
1568 864 1794 937 villula,
1836 866 2051 922 tetstum

590 938 857 1004 Praebuit3
884 945 936 995 &
959 936 1213 1008 parochi,
1235 955 1352 1004 quae
1377 933 1598 1005 debent,
1627 935 1779 1006 ligna
1796 979 1813 1004 ,
1850 937 2148 1008 salemque.

589 1009 730 1065 Hinc
771 1010 903 1066 muli
947 1006 1152 1078 Capua:
1191 1006 1412 1063 clitellas
1452 1026 1699 1078 tempore
1777 1029 1967 1068 onunt.

589 1080 794 1138 Lusum
829 1080 872 1138 it
891 1080 1169 1138 Moecenas
1182 1123 1198 1149 ,
1222 1077 1522 1137 dormitum
1545 1098 1653 1150 ego
1672 1125 1690 1154 ,
1765 1080 2140 1163 'irgiliusque²

493 1264 710 1327 insutis,
757 1280 810 1315 ut
857 1266 993 1328 dixi,
1029 1264 1250 1332 globulis
1294 1263 1353 1315 &
1397 1264 1736 1325 ornamenti8‚
1779 1264 1964 1314 variata
2005 1264 2144 1317 fuiffe

496 1330 630 1381 nihil
668 1347 817 1381 vetat.

559 1394 826 1445 Batinum.
861 1395 1088 1443 Batinum
1122 1430 1140 1455 ‚
1193 1396 1326 1443 unde
1368 1394 1599 1444 Batillum
1634 1431 1650 1457 ‚
1689 1410 1784 1443 vox
1837 1410 1984 1444 vetu5
2036 1396 2142 1456 est,

497 1460 779 1524 significans
837 1460 1052 1508 ferreum
1108 1460 1234 1508 illud
1271 1459 1653 1509 instrumentum
1677 1495 1693 1521 ,
1733 1460 1790 1508 in
1836 1460 1943 1508 imo
1996 1459 2142 1509 instar

494 1526 618 1574 remi
643 1560 657 1586 ,
687 1526 833 1572 latum
860 1559 874 1582 ,
912 1541 1008 1584 quo
1031 1528 1266 1574 carbones
1295 1526 1319 1572 ὲ
1352 1524 1466 1574 foco
1501 1526 1849 1587 excipiuntur,
1892 1544 1985 1575 une
2011 1534 2141 1587 pelle

497 1588 530 1637 ἀ
561 1588 670 1649 seu.
722 1589 955 1636 Batillum
1006 1606 1122 1637 vero
1180 1590 1419 1654 fignificat
1477 1591 1625 1639 etiam
1674 1607 1761 1637 vas
1803 1589 2026 1641 ferreum
2064 1604 2141 1640 aut

498 1669 682 1701 aereum
700 1688 714 1711 ,
739 1654 793 1700 in
821 1670 917 1713 quo
951 1654 1126 1701 odores
1154 1655 1411 1703 adolentur
1434 1693 1449 1716 ,
1488 1675 1575 1705 utre
1601 1657 1858 1720 caffblette.
1894 1656 2139 1719 [jusmodi

493 1718 742 1766 vasculum
782 1717 1130 1778 praeferebatur
1168 1720 1292 1768 olim
1321 1722 1572 1770 Persarum
1595 1723 1850 1785 Regibus,
1889 1738 1945 1771 ut
1967 1730 2137 1771 Xeno-

496 1785 631 1847 phon
654 1781 799 1830 tradit
817 1818 830 1843 ‚
872 1782 926 1831 Sc
952 1783 1193 1831 Romanis
1213 1787 1619 1848 Imperator-ibus,
1646 1792 1755 1833 cum
1783 1788 1877 1836 iter
1899 1787 2133 1850 facerent,

495 1851 681 1898 auclore
702 1849 984 1897 Herodiano
1013 1868 1025 1897 :
1054 1865 1200 1910 quem
1230 1866 1418 1900 morem
1444 1852 1530 1900 iste
1548 1859 1772 1914 Praetor,
1798 1867 2030 1913 tanquam
2051 1854 2132 1902 in·

497 1916 633 1981 signe
655 1915 987 1977 annotinus,
1023 1931 1077 1965 ac
1118 1917 1381 1977 majestatis
1415 1918 1689 1980 usurpabat.
1724 1925 1785 1967 In
1819 1921 1997 1968 eodem
2034 1919 2131 1968 vase

497 1998 585 2045 pro
621 1981 758 2029 felici
782 1980 1028 2043 hospitum
1055 1982 1267 2029 adventu
1294 1983 1506 2031 incensis
1524 1984 1760 2032 odoribus
1777 2021 1794 2045 ,
1832 1985 1945 2034 Jovi
1963 1985 2128 2047 hospi·

494 2047 581 2099 tali
607 2049 733 2094 sacra
754 2049 953 2096 fiebant.
979 2048 1127 2106 quue
1163 2049 1221 2094 ab
1252 2049 1451 2095 Aufidio
1485 2048 1573 2096 isto
1607 2049 1801 2098 fortasse
1832 2049 2011 2097 fastum
2036 2050 2125 2111 est,

496 2111 606 2164 cum
655 2113 814 2161 miss‘os
857 2116 1011 2160 Roma
1061 2114 1252 2176 legatos
1275 2149 1290 2173 ,
1327 2126 1559 2175 tanquam
1602 2114 1828 2163 Fundani
1872 2115 2130 2178 municipii

496 2179 729 2245 princeps
767 2177 1074 2242 Magistratus
1095 2214 1110 2238 ,
1145 2178 1353 2240 accepit.

566 2259 643 2308 37.
671 2243 1030 2292 Mamurrarmn
1051 2250 1180 2294 urbe.
1197 2243 1413 2292 Formiis
1432 2279 1448 2303 ‚
1466 2241 1708 2294 Formies.
1743 2245 1959 2292 Formiae
1977 2281 1995 2306 ,
2010 2252 2124 2294 For-

498 2311 704 2359 miarum
728 2346 742 2372 ,
778 2313 894 2358 urbs
944 2309 1041 2358 fuit
1086 2308 1265 2358 Italiae.
1301 2307 1639 2373 Laestrigonia.
1674 2314 1828 2358 Poe‘ta
1863 2317 2125 2359 Mamurra-

496 2392 606 2425 rum
637 2377 803 2422 urbem
836 2375 1046 2440 appellat
1064 2410 1079 2434 ,
1113 2373 1227 2433 quia
1253 2382 1505 2422 Mamurra:
1522 2410 1537 2434 ‚
1573 2375 1701 2423 civis
1723 2381 1874 2424 Rom.
1894 2376 2120 2439 ditiffimi‚

498 2440 557 2488 &
591 2439 804 2502 Augusto
829 2439 1050 2487 cariffimi
1071 2476 1085 2501 ,
1112 2438 1323 2500 majores
1342 2455 1398 2487 ex
1422 2440 1508 2488 illa
1531 2440 1731 2488 civitate
1758 2440 1977 2503 oriundi,
1997 2458 2122 2489 eam-

496 2506 609 2554 dem
650 2505 733 2552 diu
773 2504 1089 2552 obtinuerant
1104 2541 1120 2565 ,
1145 2504 1342 2566 ejusque
1370 2504 1557 2554 fortasse
1579 2519 1698 2554 tunc
1717 2506 1952 2555 dominus
1972 2508 2043 2569 is,
2065 2507 2121 2557 de

494 2585 593 2631 quo
616 2569 694 2616 hic
716 2569 875 2631 agitur
893 2603 909 2630 ,
945 2577 1192 2617 Mamurra
1223 2583 1345 2617 erat.

596 2633 645 2682 8.
677 2631 905 2681 Murena.
941 2639 1109 2680 Frater
1131 2634 1338 2682 I.icini:e
1362 2670 1377 2697 ,
1411 2650 1518 2695 quae
1553 2651 1669 2682 uxor
1697 2636 1991 2684 Moecenatis
2007 2636 2116 2688 fuit.

559 2647 762 2745 {lolius
786 2697 820 2755 ,⁰
843 2694 1025 2745 Varius
1047 2732 1061 2755 ,
1099 2694 1345 2763 Virgilius
1378 2736 1392 2761 ,
1432 2704 1590 2749 Po‘e'tae
1626 2701 1893 2749 clarissimi.

561 2777 644 2819 40,
679 2760 923 2823 Sinueffae.
959 2768 1071 2810 Erat
1109 2763 1232 2812 olim
1272 2769 1387 2813 urbs
1415 2766 1694 2827 Campaniae
1723 2765 1909 2814 Italicae
1936 2765 2115 2815 mariti-

495 2843 574 2874 ma
599 2863 613 2887 ,
653 2827 710 2874 ad
751 2827 936 2874 radices
971 2826 1154 2877 Maffici
1179 2832 1367 2878 montis
1389 2866 1405 2892 ‚
1434 2846 1631 2878 amoeno
1656 2831 1711 2877 in
1736 2830 1848 2878 loco
1874 2831 1930 2879 &
1946 2830 2110 2879 salubri

494 2893 626 2940 eoelo
648 2891 730 2938 fita
757 2900 774 2939 ἵ
814 2908 948 2940 nunc
984 2892 1109 2953 jacet
1146 2893 1310 2956 excisa
1343 2896 1399 2943 in
1438 2899 1521 2942 ora
1548 2895 1696 2943 maris
1727 2896 2002 2957 Tyrrheni,
2030 2897 2109 2943 ubi

494 2972 640 3004 mons
664 2954 894 3020 Mafficus
922 2959 1082 3024 definit
1103 2993 1119 3020 ‚
1158 2959 1216 3008 δε
1241 2960 1349 3023 ejus
1375 2961 1548 3009 rudera
1568 2975 1710 3009 vetus
1724 2963 1880 3009 adhuc
1901 2959 2108 3026 Sinueffa

490 3037 679 3071 nomen
710 3025 924 3072 retinere
962 3024 1215 3073 dicuntur.

558 3103 642 3144 41.
680 3087 863 3154 Quales
882 3107 1023 3152 neque
1042 3125 1057 3149 ,
1088 3088 1193 3138 &m
1229 3089 1360 3149 Quid
1380 3089 1414 3135 fi
1434 3125 1450 3149 ,
1467 3087 1632 3149 inquit
1651 3088 1897 3149 cruquius
1915 3125 1929 3150 ,
1956 3088 2104 3148 quales

493 3153 557 3200 fic
591 3153 726 3202 enim
753 3154 954 3216 antiquo
975 3171 1109 3204 more
1125 3154 1355 3204 scribitur
1373 3190 1388 3216 ‚
1425 3154 1632 3217 positum
1662 3155 1719 3204 fit
1750 3170 1842 3220 pro
1862 3154 2066 3217 qualibus
2084 3189 2118 3221 ,⁴

495 3233 581 3283 ut,
619 3218 835 3282 sequenti
857 3220 991 3272 versu
1013 3255 1031 3285 ,
1058 3220 1233 3285 queis,
1274 3235 1364 3283 pro
1391 3220 1594 3282 quibus.
