2269 3773
507 156 669 265 428
907 154 1224 240 Horatii
1276 158 1717 244 Satirarum

506 284 835 356 85.Atidum
868 294 922 344 &
954 309 1047 346 ore
1082 288 1255 347 ferens
1288 290 1535 363 acinum,
1572 289 1877 362 semesaque
1925 290 2065 349 lardi

595 358 639 413 F
647 360 782 414 rusta
824 357 1001 432 dedit,
1042 361 1258 430 cupiens
1298 362 1444 419 varia
1480 361 1688 419 fastidia
1726 362 1884 419 coenss.

593 427 826 485 Vincere
860 432 1129 502 tangentis
1160 433 1300 489 male
1338 432 1543 505 fingula
1584 433 1739 490 dente
1781 429 2058 502 superbo:

661 520 789 556 uum
863 521 973 560 atet
994 503 1098 572 ipse
1120 502 1340 575 domus,
1377 506 1527 574 palea
1556 507 1835 575 porrectus
1868 504 1923 558 in
1965 503 2131 560 horna

650 570 743 628 sset
771 592 801 626 a
838 593 936 644 or,
976 574 1305 647 loliumque,
1345 576 1492 646 dapis
1536 576 1760 632 meliora
1800 575 2130 645 relinquens·

501 640 846 712 90.Tandern
889 644 1115 726 urbanus
1155 645 1221 702 ad
1242 645 1386 703 hunc
1407 669 1420 704 t
1441 646 1589 722 Quid
1619 663 1673 704 te
1704 648 1895 716 juvat,
1924 645 2131 718 inquit,

822 734 989 771 amice
1012 759 1029 784 ,

596 783 856 853 Fra-rupti
886 785 1118 845 nemoris
1153 787 1445 856 patientem
1487 787 1667 860 vivere
1709 787 1914 846 dorso?

596 853 698 910 Vis
722 870 782 910 tu
800 853 1049 914 homines
1066 900 1083 924 ,
1110 858 1403 930 urbemque
1421 858 1542 916 feris
1563 879 1876 929 praeponere
1899 858 2100 931 sylvist.

603 922 783 995 Carpe
806 927 978 998 viam,
1010 928 1350 1004 mihicrede,
1391 950 1596 997 comes;
1632 930 1902 988 terrestria
1922 930 2129 1000 quando

596 992 860 1055 Mortales
896 1000 1098 1056 animas
1139 1000 1331 1057 vivunt
1368 1001 1580 1072 sortita,
1627 1021 1801 1071 neque
1843 1002 1956 1057 ulla
1988 1004 2062 1056 est

498 1083 564 1136 95
577 1108 590 1123 .
603 1064 717 1122 Aut
736 1086 936 1139 magno
948 1114 965 1142 ,
990 1087 1083 1126 aut
1098 1090 1266 1140 parvo
1286 1071 1416 1128 lethi
1440 1071 1591 1143 fuga.
1607 1071 1742 1144 Quo
1758 1115 1774 1144 ,
1790 1072 1936 1129 bone
1946 1115 1965 1142 ‚
1981 1072 2127 1145 circa,

594 1136 745 1207 Dum
784 1139 941 1208 licet,
981 1142 1036 1197 in
1072 1142 1228 1199 rebus
1259 1142 1502 1211 jucundis
1530 1143 1652 1199 vive
1692 1143 1915 1202 beatus;

593 1206 738 1265 Vive
771 1230 983 1268 memor
1014 1212 1176 1283 quam
1215 1212 1280 1269 fis
1318 1214 1417 1270 aevi
1453 1214 1647 1270 brevis,
1684 1214 1820 1270 Haec
1866 1213 1955 1270 ubi
1992 1212 2130 1271 dista

599 1278 887 1350 Agrestem
930 1285 1211 1354 pepulere,
1253 1283 1422 1341 domo
1456 1284 1585 1341 levis
1624 1284 1809 1347 exilit3
1851 1283 1979 1341 inde

599 1350 785 1409 Ambo
819 1355 1149 1423 propositum
1190 1375 1456 1427 peragunt
1491 1356 1620 1424 iter,
1657 1356 1800 1412 urbis
1839 1375 2058 1414 aventes

498 1435 610 1478 100.
626 1421 833 1479 Moenia
868 1427 1113 1482 nosturni
1141 1424 1434 1495 subrepere.
1470 1426 1695 1496 Jamque
1732 1426 1952 1484 tenebat

594 1490 724 1548 Nox
753 1494 995 1551 medium
1030 1497 1154 1554 coeli
1189 1497 1454 1569 spatium,
1494 1517 1664 1568 quum
1704 1498 1861 1568 ponit
1900 1512 2124 1568 uterquc

595 1562 659 1618 In
700 1566 964 1634 locuplete
1003 1567 1172 1625 domo
1208 1569 1463 1639 vestigia,
1501 1568 1662 1625 rubro
1691 1568 1783 1625 ubi
1825 1589 1991 1626 cocco

593 1632 791 1690 Tincta
828 1635 983 1706 super
1014 1643 1184 1696 lectos
1225 1639 1473 1696 canderet
1527 1638 1684 1696 vestis
1722 1639 1996 1713 eburnos,

590 1701 875 1775 Multaque
912 1709 978 1764 de
1018 1730 1219 1780 magna
1247 1710 1567 1781 superessent
1598 1708 1800 1766 fercula
1831 1729 2019 1780 coenn,
2064 1779 2077 1791 ⁸

495 1776 758 1845 105.Quae
799 1780 983 1845 procul
1026 1783 1303 1839 exstruffis
1344 1782 1549 1838 inerant
1591 1780 1836 1838 hesterna
1877 1782 2121 1839 canistris.

590 1845 773 1918 Ergo,
814 1846 900 1905 ubi
942 1854 1206 1923 purpure&
1243 1854 1553 1925 porrcstum
1581 1852 1635 1910 in
1677 1855 1824 1911 veste
1859 1853 2056 1912 locavit

592 1918 881 1989 Agrestem
901 1965 919 1992 ‚
957 1923 1126 1981 veluti
1167 1924 1461 1984 succinam
1497 1923 1709 1983 cursitat
1750 1923 1982 1998 hospes,

494 2050 2114 2087 w*

564 2142 648 2276 ἶ815.
685 2146 918 2198 Ασὶηιιηι.
953 2151 1144 2201 Acinus
1165 2185 1182 2213 ,
1218 2151 1360 2200 acina
1378 2188 1394 2216 ‚
1432 2153 1513 2203 vel
1539 2153 1738 2203 acinum
1754 2188 1775 2213 ,
1797 2173 1865 2204 un
1899 2154 2047 2220 grain
2069 2160 2119 2205 le

499 2225 578 2257 rat
596 2229 660 2260 m.

566 2275 648 2324 88.
685 2276 874 2329 Hor-na.
907 2281 1171 2330 Praesentis
1200 2282 1340 2330 anni.

562 2339 644 2401 89.
672 2343 831 2393 Ador.
860 2346 1114 2394 Frumenti
1150 2345 1309 2408 genus
1327 2381 1341 2408 ,
1367 2349 1425 2395 ab
1453 2347 1640 2395 edendo
1677 2348 2013 2410 appellatum3
2036 2346 2113 2397 vel

497 2399 626 2461 qubd
655 2408 878 2457 aduratur
898 2446 913 2470 ‚
940 2424 995 2460 ut
1028 2411 1052 2458 ὲ
1077 2410 1203 2458 tosto
1229 2412 1314 2460 fiat
1345 2411 1476 2459 mola
1501 2412 1620 2459 salsa
1656 2414 1715 2459 ad
1746 2414 1988 2462 sacrificia
2020 2414 2118 2461 uti-

493 2464 581 2516 lis.
616 2463 798 2532 Festus.
845 2476 947 2524 Alii
973 2476 1136 2525 aliter.

564 2531 777 2584 Lolt'um.
812 2545 969 2587 Herba
998 2541 1208 2599 quasdam
1232 2539 1298 2587 est
1341 2540 1604 2589 innascens
1625 2576 1641 2603 ‚
1669 2541 1922 2605 segetibus
1957 2541 2119 2602 easque

497 2609 831 2660 corrumpens.
865 2602 949 2652 De
977 2604 1185 2653 l'r'vraie.

563 2672 674 2708 102.
703 2663 867 2713 Cocco.
912 2674 1157 2731 Coccum,
1187 2685 1393 2733 granum
1424 2669 1711 2731 arbuscula,
1742 2671 1862 2730 aqua
1899 2685 2111 2718 macera-

495 2733 630 2785 tum,
671 2729 922 2779 adhibetur
959 2733 1015 2777 ad
1047 2750 1306 2797 purpuram
1330 2735 1519 2783 ardenti
1551 2735 1686 2782 roseo
1726 2736 1930 2796 colore,
1972 2749 2112 2795 quem

495 2788 628 2838 Galli
671 2807 847 2842 vocant
885 2796 1118 2858 e'carlate,
1162 2799 1468 2862 tingendam.

565 2867 674 2916 103.
713 2855 957 2909 Canderet.
988 2868 1104 2911 Non
1129 2863 1317 2910 tantum
1343 2864 1595 2925 usurpatur
1631 2863 1682 2910 id
1708 2863 1847 2920 verbi
1880 2865 1938 2912 ad
1967 2862 2111 2925 figni-

498 2916 740 2969 ficandum
763 2924 974 2972 colorem
1011 2927 1202 2987 album,
1228 2927 1309 2975 sed
1335 2928 1603 2987 quemlibet
1625 2929 1777 2975 alium
1805 2928 2111 2989 splendidum

495 2977 560 3091 ἐξ
583 2985 820 3056 *vividum
842 3007 857 3036 .-
881 2989 999 3038 ficut
1023 3007 1295 3054 purpureus
1321 2992 1459 3039 color
1478 3027 1492 3052 ,
1519 2994 1577 3040 de
1618 2993 1826 3040 candido
1866 2993 2108 3041 interdum

532 3060 694 3099 lentur.

569 3109 739 3177 Wste’s.
770 3118 1034 3181 stragulam
1076 3120 1346 3183 intellige:
1371 3121 1460 3181 qua
1499 3120 1612 3169 leeci
1649 3120 1957 3174 sternuntur.

562 3193 673 3244 ¹05·
717 3179 1002 3245 Eassrudis.
1032 3184 1250 3233 Refertis
1278 3221 1294 3249 ,
1341 3184 1625 3237 cumulatis.
