2269 3773
468 180 635 263 4²4
865 148 1181 235 Horatii
1235 150 1306 235 S
1308 152 1672 237 atira‘rum
1712 236 1725 249 ,

463 280 837 351 45.Matutina
869 300 1057 357 parum
1090 297 1274 340 cautos
1313 282 1425 351 jam
1463 283 1670 355 frigora
1706 276 2002 338 mordent.-

563 353 636 408 Et
677 374 792 423 qux
834 353 1030 409 rimosa‘
1062 356 1195 409 bene
1230 354 1568 422 deponuntur
1605 355 1659 409 in
1693 373 1840 408 aure.

562 424 663 480 Per
683 440 861 480 totum
884 422 989 479 hoc
1010 443 1223 492 tempus
1243 424 1524 492 subja-&ior
1550 425 1603 481 in
1625 424 1796 496 diem,
1819 431 1876 481 &
1892 420 2083 478 horam

563 494 801 553 Invidiae.
839 494 1032 552 Noster
1072 494 1227 551 ludos
1264 494 1577 564 speetaverit
1611 495 1746 565 unci,

561 565 770 622 Luserit
799 566 855 627 in
884 585 1103 635 eampo,
1145 565 1396 623 Fortunae
1432 565 1574 623 filius
1595 609 1611 636 ‚
1653 584 1864 622 omnes.

473 636 820 718 50.Frigidus
843 636 872 693 ὲ
907 638 1113 696 Rostris
1146 653 1329 692 manet
1367 657 1461 707 per
1495 637 1733 706 compita
1764 654 1954 693 rumor
1975 657 1991 690 τ

563 708 905 831 Quicumque
922 707 1110 765 obvius
1129 711 1204 764 est
1217 751 1233 777 ,
1256 727 1342 764 me
1359 707 1606 766 consulit:
1623 706 1679 762 O
1699 707 1841 764 bone
1855 751 1872 779 ,
1889 725 2012 761 nam
2030 720 2082 761 te

558 813 569 831 .
599 778 733 845 cire,
751 780 902 835 Deos
920 779 1175 848 quoniam
1197 778 1414 849 propius
1433 778 1698 860 contingis
1711 821 1729 848 ‚
1763 795 1981 849 oportet
1996 820 2013 848 ,

561 846 842 919 Numquid
865 849 929 905 de
951 850 1114 906 Dacis
1134 849 1353 907 audisti!
1390 849 1485 906 Nil
1516 847 1789 919 equidem.
1828 852 1912 906 Ut
1931 868 1993 904 tu

560 918 781 989 Semper
804 921 904 978 eris
943 919 1169 977 derisor!
1206 922 1286 978 At
1305 941 1492 977 omnes
1508 921 1587 976 Di
1608 919 1892 990 exagitent
1926 939 2047 987 me,

467 988 619 1057 55.Si
649 990 958 1062 quidquam.
984 991 1172 1063 Quid?
1199 992 1460 1049 militibus
1496 990 1748 1062 promiffa
1784 991 2076 1060 Triquetra

556 1059 763 1117 Praedia
802 1062 1010 1133 Caesar,
1050 1083 1116 1118 an
1151 1066 1226 1118 est
1262 1064 1397 1119 Itala
1431 1066 1619 1120 tellure
1661 1063 1920 1118 daturus?

554 1130 584 1186 J
590 1151 830 1190 urantem
866 1155 954 1191 me
988 1133 1116 1191 scire
1150 1131 1316 1205 nihil,
1350 1138 1639 1205 mirantur,
1673 1149 1736 1189 ut
1767 1152 1938 1189 unum

529 1376 608 1433 46.
646 1377 869 1430 Ιίὶιηοςᾶ.
899 1384 1175 1443 Metaphora
1213 1382 1404 1429 ducitur
1438 1381 1466 1427 h
1504 1381 1623 1429 vasis
1663 1395 1834 1440 aquam
1870 1378 2080 1426 infusam

459 1453 566 1487 non
609 1444 946 1504 servantibus,
973 1446 1029 1494 &
1063 1450 1150 1493 hac
1185 1446 1301 1493 illac
1338 1444 1709 1507 perfluentibus.

527 1504 865 1567 Deponuntur.
887 1514 1114 1558 observat
1146 1512 1438 1558 Torrentius
1470 1510 1592 1571 juris
1618 1513 1821 1556 verbum
1848 1510 1943 1554 hoe
1961 1505 2079 1568 effe,

459 1572 686 1629 deponere
711 1607 725 1630 ,
767 1574 992 1621 custodiae
1026 1576 1246 1636 tradere3
1286 1576 1417 1623 unde
1453 1575 1737 1636 depofitum.
1828 1604 1833 1605 ν

527 1634 608 1687 48.
643 1633 813 1697 Noster
833 1673 848 1697 ‚
876 1637 981 1686 &c.
999 1640 1068 1686 Iis
1093 1640 1256 1687 verbis
1282 1638 1436 1701 potest
1473 1642 1574 1685 hcec
1614 1637 1861 1685 sententia
1890 1650 2076 1696 quoque

458 1692 633 1756 subjici
663 1713 675 1741 ε
703 1701 862 1748 noster
895 1703 982 1749 ille
1006 1705 1238 1751 Horatius
1255 1739 1271 1764 ‚
1293 1702 1439 1750 nostri
1478 1702 1758 1749 fimillimus
1775 1738 1790 1759 ,
1815 1717 1952 1749 nunc
1976 1701 2078 1746 for-

459 1764 818 1824 tunatiffimuS‚
857 1768 981 1813 olim
1019 1768 1113 1814 unii
1156 1768 1410 1815 nobiscum
1448 1767 1590 1814 ludos
1625 1766 1897 1826 speuabat,
1945 1764 2074 1826 plebi

458 1824 645 1874 scilicet
667 1832 930 1890 permixtus
948 1867 962 1891 ‚
990 1829 1044 1879 &
1069 1847 1243 1879 omnes
1267 1833 1410 1879 ludos
1434 1831 1627 1878 ludebat
1653 1832 1707 1877 in
1741 1846 1919 1892 campo
1946 1837 2074 1876 Mar-

461 1892 567 1952 tio,
605 1907 738 1940 nunc
779 1895 1024 1943 nobilium
1054 1897 1120 1944 est
1157 1898 1374 1956 amicus,
1411 1895 1467 1946 δί
1515 1912 1606 1943 nos
1641 1896 1945 1943 contemnit.

484 1969 608 2069 Ἰἱςο.
632 1955 862 2067 {rigidus
887 1978 1063 2010 rumor.
1104 1962 1205 2020 Qui
1237 1962 1466 2009 timorem
1499 1959 1555 2009 &
1596 1962 1849 2008 horrorem
1884 1958 2079 2016 audien·

460 2032 499 2067 ti
538 2038 594 2069 us
623 2038 647 2068 a
687 2038 804 2072 erat.

530 2085 582 2134 E
605 2084 810 2148 Rostris.
851 2095 943 2137 Per
966 2088 1133 2138 Rostra
1155 2089 1453 2154 intelligitur
1478 2089 1747 2153 suggestum
1776 2088 1831 2136 in
1851 2096 2074 2137 Romano

461 2147 573 2197 foro
590 2186 605 2211 ,
631 2153 761 2199 unde
782 2155 835 2199 ad
855 2154 1046 2215 plebem
1074 2155 1181 2207 fieri
1205 2159 1349 2201 verba
1379 2155 1733 2202 consueverant
1760 2152 1835 2201 La
1868 2154 2074 2201 Tribune

464 2231 567 2262 aux
598 2219 862 2282 harangues
881 2253 896 2279 ‚
940 2225 1008 2268 les
1040 2217 1251 2281 Rostres.
1278 2218 1397 2278 Ejus
1428 2219 1526 2265 loci
1554 2234 1662 2280 pars
1706 2218 1879 2265 infima
1913 2231 2077 2265 ornata

463 2278 623 2329 fuerat
661 2285 842 2331 Rostris
867 2318 882 2342 ‚
919 2284 1111 2346 {per-ons
1152 2284 1363 2331 d'at‘rain
1386 2318 1401 2342 ‚
1442 2283 1524 2330 seu
1550 2283 1709 2344 proris
1735 2283 1938 2329 navium
1971 2287 2096 2342 quae·

465 2342 524 2388 in
551 2346 721 2406 praelio
762 2348 925 2395 navali
967 2364 1136 2396 contra
1173 2348 1399 2396 Antiates
1425 2348 1555 2411 gesto
1575 2383 1590 2406 ‚
1626 2361 1777 2408 eaptae
1802 2345 2001 2394 fuerant
2020 2348 2075 2391 ab

466 2407 700 2458 hostibus.
733 2412 901 2460 Livius
937 2413 1044 2461 Lib.
1087 2419 1227 2461 VIII.
1254 2428 1394 2471 atque
1419 2415 1522 2459 haec
1548 2412 1743 2471 quidem
1787 2411 1956 2459 Rostra
1989 2424 2072 2456 ve-

463 2483 565 2518 tera
591 2475 901 2525 vocabantur.
929 2481 1147 2525 Exti-usta
1179 2481 1289 2525 sunt
1314 2477 1491 2524 deinde
1517 2476 1613 2523 alia
1630 2513 1644 2537 ,
1673 2489 1780 2534 quae
1814 2491 1946 2523 nova
1966 2474 2075 2521 sunt

463 2539 703 2596 appellata
723 2573 738 2599 ,
769 2539 826 2588 &
864 2556 1033 2590 ornata
1056 2542 1220 2590 rostris
1244 2543 1448 2589 navium
1486 2542 1542 2588 in
1567 2541 1756 2589 Adiaca
1777 2556 1944 2605 pugna
1962 2554 2073 2599 eap-

461 2611 617 2646 tarum
652 2604 710 2648 in
747 2606 981 2665 Augusto,

533 2676 610 2724 55.
645 2665 914 2729 Triquetra.
945 2673 1252 2732 ’triquetrum
1279 2671 1408 2719 idem
1441 2670 1579 2717 sonat
1605 2706 1622 2731 ‚
1658 2685 1713 2717 ae
1751 2668 2070 2734 triangulare.

460 2728 613 2776 Habet
637 2730 801 2779 Sicilia
845 2746 941 2780 tres
980 2737 1139 2785 veluti
1170 2738 1409 2802 angulos,
1436 2737 1529 2784 tria
1559 2739 1895 2796 promontoria
1913 2771 1928 2796 ,
1975 2739 2069 2780 Pa·

462 2790 677 2853 thynum
699 2831 714 2856 ,
761 2798 1024 2861 Pelorum,
1075 2800 1130 2850 &
1168 2804 1479 2865 Lilybaeum3
1515 2800 1633 2846 hine
1669 2799 1697 2846 ὶι
1724 2801 1919 2852 Latinis
1957 2796 2073 2845 Tri-

460 2869 623 2912 quetra
645 2895 661 2920 ,
690 2863 716 2907 h
751 2863 938 2911 Graecis
980 2869 1260 2928 Trinacria,
1301 2867 1369 2913 est
1415 2864 1685 2929 appellata,
1725 2866 1886 2931 τρεῖς,
1922 2860 2069 2927 vix,

457 2930 553 2967 tres
570 2959 585 2982 ,
622 2926 717 2974 tria
733 2924 884 2992 ἄκρον
903 2963 918 2987 ,
947 2938 1344 2993 promontorium.
1754 2933 1757 2934 ⁷

455 3037 458 3042 .
526 2987 603 3045 560
627 2987 822 3041 Proedia
839 3029 853 3053 ‚
884 2995 985 3045 &c.
1008 2999 1116 3045 Post
1138 2995 1456 3062 Philippense
1482 2993 1707 3055 praelium
1723 3032 1736 3054 ,
1764 2997 1906 3044 vistis
1924 3004 2073 3045 Bruto

459 3044 517 3096 8(-
549 3054 725 3125 Pallio,
750 3060 988 3122 Augustus
1009 3065 1231 3112 emeritis
1256 3061 1498 3112 militibus
1528 3075 1670 3123 agros
1688 3062 1928 3108 mercedis
1955 3063 2069 3108 loco

457 3114 619 3185 delt5
657 3119 772 3170 aliis
813 3122 926 3172 vero
949 3126 1030 3185 qui
1059 3130 1280 3177 nondum
1306 3127 1421 3188 iusta
1446 3124 1683 3184 stipendia
1714 3125 2065 3185 confecerant,

453 3178 645 3231 videtur
683 3186 775 3233 hoc
797 3201 1047 3252 tempore,
1076 3190 1187 3239 cum
1226 3194 1392 3242 isthaec
1427 3190 1575 3238 Satira
1596 3188 1773 3251 scripta·
1795 3190 1889 3254 est,
1925 3191 2083 3255 agtus

1285 3421 1324 3440 Ὦ
