2269 3773
479 243 546 337 vj
966 235 1651 310 HoRArrr

476 368 667 441 ratius
687 353 940 437 honeste
961 372 1035 461 §c
1059 364 1349 434 decenter
1370 358 1623 435 vestitus
1640 412 1660 447 ,
1697 356 1921 429 additis
1944 355 2129 429 etiam

475 478 733 552 servulis
789 477 898 568 qui
946 475 1348 568 sequerentur
1392 527 1416 561 ,
1489 472 1789 543 doarinis
1836 471 2135 540 omnibus

476 590 654 682 queis
698 588 991 677 Equitum
1040 608 1109 654 ac
1158 585 1525 652 Senatorum
1572 580 1757 649 liberi
1799 579 2137 671 impertie-

478 702 707 770 bantur
728 750 748 784 ‚
794 697 918 765 una
944 693 1221 764 eruditus
1245 689 1332 761 est
1356 744 1380 777 ,
1422 688 1806 782 advigilante
1832 687 2084 756 interim
2105 737 2136 773 ,

441 809 449 817 ’
482 814 549 880 &
585 807 819 877 cunetis
852 803 983 872 fere
1026 803 1179 871 locis
1225 798 1560 893 praesente,
1609 798 1845 889 optimo
1892 778 2136 888 paren-

481 936 543 986 te
572 966 592 1001 ,
647 939 727 983 ne
771 910 921 1004 quid
968 909 1271 980 accideret
1310 933 1436 999 quo
1477 905 1734 998 puerilis
1776 907 1972 974 aetatis
2015 904 2140 970 in·-

479 1022 735 1114 te'gritas
757 1038 1257 1110 corrumperetur
1301 1045 1317 1085 ε
1360 1014 1528 1108 quod
1552 1011 1800 1105 quidem
1827 1011 1976 1080 verb
2011 1034 2146 1101 pa·-

433 1145 441 1151 “
480 1152 727 1221 ternum
751 1128 1119 1227 beneficium
1156 1126 1417 1218 perenni
1445 1130 1509 1194 &
1531 1146 1718 1191 aureo
1748 1118 1925 1211 grati*
1940 1117 2146 1187 animi

486 1261 885 1322 monumento
952 1237 1120 1308 filius
1165 1260 1399 1307 memor
1450 1230 1872 1324 confignarum
1911 1225 2149 1299 voluit.
2231 1289 2238 1296 .

574 1470 789 1540 Romae
834 1466 1028 1559 igitur
1066 1461 1150 1533 fic
1193 1456 1506 1532 institutus
1537 1509 1561 1544 ,
1627 1449 2152 1543 humanitatisque

494 1582 561 1650 &
624 1565 989 1670 eloquentiae
1051 1571 1266 1641 studiis
1326 1570 1595 1638 imbutus
1628 1616 1648 1651 ,
1715 1587 1910 1632 annos
1959 1554 2155 1630 natus

487 1687 733 1757 circiter
776 1679 1254 1770 duodeviginti,
1300 1674 1578 1744 Athenas
1617 1669 1735 1762 jam
1774 1664 2153 1736 adolescen-

441 1808 454 1851 -’
488 1794 657 1890 tulus
719 1793 899 1885 petiit
962 1781 1377 1875 Philosophiae
1438 1775 1850 1871 perdiscendae
1913 1771 2103 1843 caus&
2131 1804 2152 1845 ε
2230 1805 2237 1811 ·

490 1905 644 1974 inde
677 1902 910 1972 &cutus
948 1896 1034 1967 est
1071 1897 1334 1962 Brutum
1366 1936 1384 1965 ,
1433 1888 1539 1977 qui
1577 1881 1711 1976 post
1749 1879 2158 1952 interfessum

491 2014 560 2082 in
586 1995 815 2080 S'enatu
843 2009 920 2075 C.
946 2006 978 2074 J
986 1999 1176 2070 ulium
1201 1991 1502 2064 Caesarem
1526 2038 1545 2073 ,
1570 2010 1736 2055 anno
1760 1990 1847 2055 U.
1877 1987 1953 2053 C.
1986 2009 2156 2073 710.

486 2117 771 2211 fugiebat
816 2114 886 2181 in
936 2102 1371 2202 Macedoniam
1406 2148 1426 2183 ‚
1499 2101 1564 2165 ὅ(
1611 2087 1927 2162 advershs'
1949 2093 2161 2159 Gesta·-

450 2229 663 2297 ⁴vium
713 2217 1100 2313 comparabat
1153 2209 1488 2282 exercitum
1546 2232 1563 2273 ε
1626 2202 1680 2268 is
1735 2195 2064 2267 Horatium
2121 2220 2159 2265 e

495 2322 873 2413 Philosopho
915 2315 1169 2386 militem
1191 2363 1211 2397 ,
1255 2312 1441 2378 immo
1484 2305 1835 2375 Tribunum
1882 2298 2160 2369 militum

499 2436 614 2507 esse
650 2419 815 2527 justit
840 2480 860 2514 ,
907 2449 1040 2496 non
1084 2422 1215 2495 fine
1254 2417 1621 2507 multorum,
1665 2433 1734 2484 ut
1765 2408 1892 2503 ipse
1933 2407 2161 2481 decla-

471 2560 630 2631 rat,
678 2533 940 2608 invidia.
1689 2561 1695 2568 -

590 2741 780 2811 Viuo
803 2736 881 2809 ad
901 2731 1229 2826 Philippos
1255 2780 1275 2817 ‚
1322 2728 1540 2799 urbem
1567 2707 1886 2795 Thessaliae
1906 2767 1926 2804 ‚
1968 2714 2161 2787 Caffii

514 2857 578 2921 &
614 2849 794 2917 Bruti
835 2843 1107 2916 exercitu
1132 2892 1153 2926 ,
1201 2835 1499 2912 Horatius
1525 2885 1545 2919 ,
1579 2856 1692 2900 nec
1714 2827 1919 2920 paucis
1944 2823 2121 2917 priins
2139 2876 2163 2914 ,

467 3009 470 3012 -
507 2989 622 3034 nec
686 2960 894 3055 parvis
947 2955 1273 3027 defunctus
1320 2945 1470 3018 belli
1523 2940 1812 3037 periculis
1854 2990 1875 3025 ,
1939 2937 2161 3028 fugam

509 3073 770 3166 arripuit
794 3119 812 3148 ‚
862 3066 1047 3138 armis
1090 3060 1358 3151 turpiter
1409 3053 1659 3145 abjectis
1684 3099 1703 3134 ,
1752 3044 1882 3139 ipso
1923 3043 2163 3116 fatente

507 3208 641 3254 reo.
705 3184 850 3268 Qua
891 3179 960 3246 in
992 3200 1060 3244 re
1100 3167 1463 3265 praeclarum
1495 3162 1635 3232 sane
1662 3211 1682 3243 ,
1726 3167 1925 3245 neque
1965 3150 2165 3219 ufita-

507 3311 638 3364 tum
663 3341 685 3384 ,
732 3285 997 3381 ingenui
1047 3277 1329 3352 candoris
1375 3270 1680 3366 specimen
1726 3259 1920 3334 edidit
1959 3283 1980 3347 ;
2046 3261 2168 3346 Est
