2269 3773
582 239 758 325 Lib.
821 240 891 326 Ῑ.
967 240 1239 325 Satira
1298 242 1467 328 IV.
1683 272 1842 363 303

210 404 392 468 atque
437 383 542 448 illo
594 386 715 448 cive
759 381 911 448 male
959 406 1156 450 omnes
1186 388 1552 472 existimare.
1544 383 1575 434 Ρ
1618 392 1848 470 Quem-

212 477 529 538 admodum
579 476 849 558 oegroti,
917 472 1057 536 licet
1103 478 1387 537 macerati
1429 476 1609 562 longa*
1634 476 1849 559 fame,

217 560 278 626 f?
337 560 373 624 ὰ
435 562 578 625 cibis
623 561 939 626 interdic‘lis
1000 565 1101 625 nix
1150 583 1535 666 temperantes
1572 612 1594 643 ‚
1665 566 1734 626 ab
1779 569 1853 628 iis

215 651 604 715 nilulominus
642 650 925 736 abstinent
956 649 1086 734 Jeje
1107 701 1129 732 ,
1177 654 1485 735 perterriti
1529 673 1718 716 morte
1754 656 1854 715 vi-

218 741 340 801 cini
386 737 760 825 cujuspiam,
817 760 885 802 ac
938 743 1112 802 Jeriti
1157 759 1230 801 ne
1259 741 1374 825 fibi
1429 762 1654 825 quoque
1698 744 1853 804 idem

216 829 471 890 accidat.
520 832 626 894 Sic
663 827 1051 912 adolescentes
1083 815 1365 912 exemplis
1404 829 1703 910 aliorum,
1753 832 1856 915 qui

200 915 511 1002 flagitiose
561 920 801 982 mendo
848 919 1075 1005 turptff
1052 939 1228 980 mam
1276 921 1621 1003 ignominia·
1665 878 1855 979 I’abem

220 1007 451 1094 nomini
498 1003 613 1086 suo
673 1000 1058 1089 inuſj‘erunt,
1126 1003 1165 1067 ὰ
1214 1007 1456 1069 libidine
1504 1004 1562 1067 δ’
1612 1008 1857 1070 luxuria

224 1087 583 1156 remeantur.
632 1096 774 1158 Ha⁴c
815 1095 1001 1178 igitur
1025 1096 1223 1177 patris
1263 1097 1379 1156 mei
1421 1093 1737 1177 discipline?
1749 1095 1860 1179 fit-

211 1182 575 1267 pientiffimci
599 1180 656 1246 &-
680 1182 1042 1268 institutione
1061 1181 1287 1265 Jac‘Jum
1312 1185 1395 1266 est
1415 1228 1436 1260 ,
1478 1201 1544 1244 ut
1566 1183 1685 1245 illis
1702 1206 1857 1268 gra·-

220 1270 481 1333 &fioribus
503 1320 524 1350 ,
579 1270 638 1335 δι’
685 1291 820 1355 quae
853 1273 1071 1356 pestem
1122 1270 1453 1333 lzommibus
1495 1274 1858 1357 exitiumque

226 1357 588 1441 confitstunt
615 1408 637 1440 ,
686 1361 846 1424 vitiis
887 1380 1118 1422 caream
1144 1407 1166 1439 ,
1221 1380 1325 1421 nec
1365 1359 1475 1442 nifi
1505 1360 1855 1442 levioribus,

228 1445 289 1509 δ’
324 1446 526 1531 quibus
568 1450 735 1510 venia
768 1450 1008 1510 concedi
1032 1446 1225 1531 facile
1254 1445 1458 1510 debeat
1478 1493 1502 1525 ,
1546 1447 1803 1512 laborem
1827 1496 1852 1529 ,

223 1556 470 1622 quorum
502 1558 639 1618 par
629 1557 736 1598 em
781 1538 961 1598 etiam
988 1539 1318 1617 ,opinor,
1367 1555 1638 1619 magnam
1684 1536 1860 1621 ausi:-

228 1643 360 1687 rent
395 1644 540 1694 oetas
556 1622 920 1709 proxrec‘lior,
964 1626 1163 1688 amici
1177 1628 1405 1687 monita
1430 1622 1607 1688 liber?
1631 1648 1720 1688 me
1749 1628 1859 1689 ob·-

209 1709 518 1798 jurgantis
540 1762 573 1816 ³.
624 1733 797 1796 atque
851 1716 995 1776 adeo
1054 1729 1281 1799 egomet
1337 1714 1487 1776 mila·
1531 1713 1854 1797 consulens.

223 1803 435 1886 Neque
480 1805 632 1864 enim
682 1798 804 1885 ipse
848 1823 938 1865 me
975 1824 1092 1865 non
1131 1823 1337 1865 moneo
1384 1799 1440 1864 f?
1490 1823 1671 1883 cum,
1721 1801 1858 1868 cum

224 1911 317 1953 me
355 1890 611 1955 cubitum
661 1893 879 1973 recipio
924 1940 946 1971 ,
1012 1909 1118 1954 aut
1157 1884 1289 1953 citm
1338 1893 1403 1953 in
1432 1895 1673 1974 porticu
1694 1893 1858 1978 spa-

225 1980 389 2058 tior,
421 1978 537 2061 sed
577 1982 666 2043 ita
704 2001 926 2043 mecum
966 1998 1167 2063 reputo
1196 1978 1360 2061 solus
1408 1998 1428 2041 .·
1476 1984 1698 2088 aequius
1746 1985 1860 2047 hoc

225 2064 290 2130 δ’
332 2068 537 2132 melius
575 2071 714 2155 est:
759 2068 1196 2153 illudsz'fecero
1221 2114 1241 2145 ,
1293 2067 1474 2127 vitam
1512 2064 1717 2131 rec-‘lius
1723 2070 1863 2174 ‘inf

225 2158 441 2218 rituam
494 2177 512 2220 .·
549 2158 638 2243 fic
692 2160 846 2220 inire
896 2177 1109 2238 potero
1166 2156 1425 2238 gratiam
1482 2157 1552 2216 ab
1612 2163 1858 2226 amicis:

116 2267 133 2279 ·
225 2244 341 2307 hoc
370 2241 517 2329 fit
488 2270 526 2307 a
566 2245 900 2350 quibusdam
928 2240 1122 2307 miniis
1161 2240 1391 2326 honeste
1420 2265 1489 2305 ac
1527 2244 1859 2329 eleganter:

212 2352 409 2416 ‘egone
458 2353 525 2396 ut
570 2336 737 2398 illum
785 2336 986 2398 imiter
1026 2334 1343 2417 aliquando
1369 2378 1392 2410 ,
1447 2329 1504 2395 E?
1555 2336 1755 2397 eadem
1796 2338 1861 2398 in

230 2441 295 2483 re
334 2423 665 2505 imprudens
691 2420 971 2507 peccem!
1020 2425 1178 2487 Haec
1216 2441 1436 2483 mecum
1475 2423 1688 2486 tacitus
1733 2447 1863 2487 me-

226 2512 439 2574 ditor:
465 2533 600 2575 cum
628 2531 821 2574 autem
856 2510 1051 2574 nac-”lus
1069 2507 1210 2591 sum
1237 2509 1469 2594 aliquid
1498 2515 1669 2575 vacui
1701 2532 1862 2577 tem-

202 2598 396 2682 'poris
421 2648 443 2679 ‚
472 2598 754 2683 scriptito
795 2603 1097 2685 quidpiam
1146 2599 1334 2661 animi
1377 2601 1594 2679 causd,
1652 2598 1711 2665 C?
1748 2605 1863 2667 Ῐιοε

226 2708 409 2750 ιιιιιιιιι
456 2691 536 2775 est
581 2686 610 2751 ὲ
654 2688 962 2754 levioribus
1017 2690 1184 2773 istis,
1232 2710 1369 2772 quae
1413 2689 1863 2756 commemoravi

225 2770 407 2837 mod&
433 2824 454 2856 ,
505 2780 665 2841 vitiis
711 2798 731 2841 .·
778 2781 873 2841 cui
902 2779 961 2863 li
1005 2775 1224 2860 recuses
1261 2777 1601 2862 ignoscere,
1638 2784 1861 2866 praesto

226 2867 347 2927 erit
392 2863 754 2950 numerosum
795 2870 1120 2931 Poetarum
1163 2886 1411 2950 agmen,
1459 2888 1528 2928 ac
1550 2865 1862 2970 suppetias

228 2955 383 3016 milii
411 2952 578 3036 feret
601 3006 621 3036 ,
675 2977 812 3020 nam
846 2952 1113 3039 latissime
1140 2975 1313 3037 patet
1351 2957 1481 3018 hoec
1518 2960 1731 3022 natio:
1760 2979 1861 3022 te·-

230 3062 344 3127 que
371 3090 393 3121 ,
442 3066 561 3108 non
584 3043 758 3126 secus
805 3066 877 3108 ac
910 3046 1118 3112 Judoei
1155 3043 1378 3107 multos
1423 3047 1504 3106 ad
1529 3042 1706 3126 fitam
1739 3045 1861 3129 su·-

210 3132 626 3216 perstitionem
668 3135 1007 3218 pertrahere
1044 3131 1279 3216 Jblent,
1331 3133 1552 3217 nqstras
1598 3136 1663 3197 in
1700 3157 1863 3217 par-

231 3238 321 3294 tes
373 3223 617 3308 tranfire
649 3269 676 3310 ,
739 3221 905 3289 nobis
937 3222 1150 3307 favere
1185 3270 1210 3306 ,
1273 3220 1367 3285 vel
1405 3223 1652 3287 invitum
1678 3270 1702 3306 ,
1751 3244 1864 3286 co-

228 3329 448 3395 gemm.
