2269 3773
432 143 594 254 248
822 140 928 254 Q.
991 141 1309 226 Horatii
1362 144 1656 231 Flacci.

524 271 654 329 Rite
687 286 926 328 maturos
954 271 1155 343 aperire
1184 291 1368 343 partus

519 344 685 402 Lenis
715 341 960 417 Ilythyia
978 387 996 415 ,
1039 363 1189 402 tuere
1227 366 1452 414 mattes;

434 418 662 489 15.Sive
698 436 758 473 tu
798 416 994 471 Lucina
1033 417 1225 499 probas
1258 419 1436 476 vocari
1456 463 1477 491 ,

673 489 780 545 Seu
822 485 1115 545 Genitalis:

530 560 678 618 Diva
703 604 718 630 ‚
758 558 1017 630 producas
1054 561 1324 630 sobolem3
1361 562 1694 635 Patrumque

527 631 808 701 Prosperes
843 630 1053 688 decreta
1096 633 1250 704 super
1284 633 1534 706 iugandis

532 704 820 775 Foeminis‚
862 704 1129 775 prolisque
1170 715 1322 765 novae
1363 708 1524 765 feraci

511 821 525 836 .
689 776 838 847 Lege
870 777 1077 835 marita.

511 847 709 904 Certus
744 848 979 906 undenos
1017 848 1188 906 decies
1227 871 1321 920 per
1363 870 1528 907 annos

507 919 672 977 Orbis
714 936 775 976 ut
813 923 996 978 cantus
1037 921 1336 993 referatque
1373 922 1565 991 ludos,

533 992 646 1049 Ter
684 990 770 1049 die
807 994 978 1063 clam,
1008 994 1272 1065 totiesque
1306 995 1463 1066 grat&

679 1061 858 1122 Nocte
899 1066 1221 1136 frequentes.

448 1135 772 1211 25.Vosqne
808 1157 1018 1196 veraces
1057 1137 1339 1209 ceciniffe,
1363 1136 1544 1193 Parcae
1568 1179 1585 1208 ,

536 1206 707 1337 guod
739 1209 902 1267 semel
936 1209 1144 1267 distum
1191 1213 1266 1266 est
1287 1255 1303 1279 ,
1347 1208 1648 1279 stabilisque
1688 1222 1874 1266 terum

596 1280 831 1338 erminus
865 1283 1065 1355 servat,
1102 1283 1243 1339 bona
1277 1283 1388 1353 jam
1428 1279 1653 1351 peraetis

682 1353 902 1423 Jungite
941 1354 1092 1414 fata(
1334 1357 1339 1360 ’

537 1422 755 1484 Fertilis
789 1426 1050 1500 frugum,
1085 1424 1398 1497 pecorisque
1431 1424 1594 1482 tellus

432 801 507 842 20

514 1694 594 1736 14.
629 1679 858 1743 Itiehyia.
876 1686 1075 1729 Nomen
1100 1680 1166 1729 est
1185 1682 1360 1729 Dianae
1384 1718 1399 1742 ‚
1427 1681 1524 1728 five
1546 1679 1791 1743 Iunonis;
1818 1677 1878 1728 &
1904 1684 2077 1726 Graeca

444 1757 541 1790 vox
578 1743 743 1793 Εὶλειζ)
754 1760 831 1793 νιος
853 1781 868 1807 ,
889 1746 917 1791 a
946 1748 1097 1794 verbo
1139 1743 1332 1792 ἐλεὺὲω
1355 1782 1370 1809 ,
1396 1747 1533 1797 venio
1554 1783 1570 1809 ‚
1599 1747 1731 1795 orior
1751 1780 1768 1807 ‚
1798 1744 1940 1805 Quod
1964 1742 2077 1792 nas·

371 1857 372 1860 ,
446 1809 674 1857 centibus
699 1810 903 1861 faveret.

516 1872 664 1923 Lenis
693 1877 896 1938 aperire.
926 1882 1090 1926 Graeca
1131 1876 1254 1925 item
1296 1876 1514 1939 locutio;
1550 1876 1600 1925 id
1639 1876 1735 1939 est,
1760 1889 1867 1937 quae
1894 1872 2079 1924 leniter

447 1941 609 2002 aperis
651 1940 707 1990 &
742 1944 845 1991 edis
898 1943 951 1991 in
989 1942 1152 1990 lucem
1182 1942 1336 1991 foetus
1369 1943 1704 2005 tempestivos.

519 2021 600 2068 15.
654 2005 769 2058 Sive
814 2023 863 2056 tu
900 2043 917 2067 ,
956 2005 1061 2055 &m
1104 2014 1217 2055 Erat
1267 2008 1370 2055 haec
1420 2009 1543 2070 apud
1588 2008 1706 2056 illos
1759 2004 1980 2069 religio,
2021 2018 2075 2052 ur

448 2075 583 2120 Deos
617 2073 861 2134 appellare
902 2073 1185 2121 laborarent
1217 2088 1277 2120 eo
1312 2075 1520 2122 nomine
1542 2073 1670 2134 quod
1707 2086 1932 2134 putarent
1964 2069 2075 2133 ipfis

448 2137 543 2185 effe
574 2139 886 2202 gratissumum
926 2153 939 2183 ε
968 2140 1098 2199 quod
1141 2153 1330 2187 nomen
1369 2136 1480 2187 eum
1511 2140 1797 2205 ignorarent
1816 2171 1834 2201 ,⁸
1863 2136 2076 2200 plurima

449 2207 802 2267 congerebant.

519 2267 727 2318 Lucina.
763 2269 915 2318 Aliud
949 2269 1121 2318 Dianae
1148 2283 1335 2317 nomen
1358 2303 1374 2330 ,
1409 2270 1540 2329 quod
1559 2267 1587 2315 *a
1610 2267 1894 2332 parentibus
1929 2265 2072 2314 etiam

452 2331 637 2382 solebat
668 2334 853 2383 iterari.
891 2335 1077 2384 Lucina
1109 2328 1254 2396 porro
1305 2333 1552 2382 dicebatur
1577 2332 1605 2380 h
1641 2333 1753 2380 luce
1776 2367 1791 2393 ,
1837 2333 1895 2380 in
1931 2346 2068 2391 quam

452 2411 508 2446 ut
539 2398 752 2447 feliciter
785 2402 1045 2449 ederentur
1065 2399 1284 2449 infantes
1308 2434 1324 2461 ,
1353 2403 1631 2465 rogabatur.
1650 2398 1913 2448 Dicebatur
1932 2396 2073 2444 etiam

455 2460 707 2514 Genitalis
728 2501 741 2526 ,
775 2466 803 2512 a
836 2467 1109 2530 gignendo.

524 2529 602 2580 18.
634 2529 876 2595 Jugandis
919 2528 1292 2583 Matrimonium
1326 2528 1497 2594 jugum
1533 2527 1746 2591 dicitur,
1787 2528 1920 2577 unde
1958 2541 2073 2573 con-

458 2591 675 2656 jugium.
717 2603 868 2658 Leges
899 2596 955 2642 ea
996 2594 1276 2657 tempestate
1313 2593 1585 2643 nonnullas
1624 2595 1801 2642 tulerat
1836 2600 2033 2642 Senatus
2058 2625 2077 2652 ,

454 2660 635 2718 quibus
684 2660 1036 2724 conjugiorum
1096 2660 1276 2708 honori
1319 2660 1661 2708 consuleretur
1701 2659 1756 2709 &
1796 2658 2026 2706 sanctitati

457 2738 619 2785 poenae
653 2723 707 2771 in
739 2725 984 2773 adulteros
1009 2739 1150 2772 erant
1188 2725 1463 2774 constituta:
1499 2760 1515 2785 ‚
1545 2723 1651 2778 &c.
1692 2723 1944 2786 Imprimis
1960 2737 2040 2771 ver

454 2788 620 2852 legem
668 2786 857 2838 Iuliam
900 2795 955 2839 dc.-
989 2790 1280 2838 maritandis
1313 2791 1564 2841 ordinibus
1587 2826 1601 2850 ,
1644 2789 1890 2855 Augustus
1937 2787 2075 2850 paulo

456 2867 571 2902 ante
605 2854 698 2902 hoe
736 2854 925 2904 Horatii
958 2870 1154 2903 carmen
1188 2856 1438 2918 sanxerat,
1477 2859 1567 2917 qua
1594 2857 1977 2904 decernebantur
2010 2852 2072 2901 iis

454 2918 657 2981 praemia
694 2920 775 2980 qui
816 2920 1000 2968 liberos
1036 2919 1058 2968 ὲ
1092 2921 1322 2984 legitimo
1362 2921 1679 2969 matrimonio
1729 2918 2031 2980 suscepissent
2055 2952 2074 2980 ‚

461 2981 568 3031 ὅτε.
604 3000 742 3043 quam
774 2985 937 3050 legem
963 2986 1189 3032 maritam
1222 2987 1301 3035 seu
1339 2987 1608 3034 maritalem
1628 3023 1642 3048 ‚
1669 2992 1815 3035 Vates
1834 2982 2070 3045 appellat,

462 3046 520 3097 &
560 3048 836 3098 foecundam
870 3050 1139 3098 liberorum
1167 3088 1181 3113 ‚
1224 3052 1335 3111 quia
1369 3050 1635 3115 plurimum
1678 3066 1779 3099 erat
1817 3050 1875 3098 ad
1895 3064 2073 3112 augen-

456 3113 567 3160 dam
594 3115 808 3163 sobolem
845 3116 1068 3164 valitura.
1107 3123 1366 3177 Perperam
1407 3118 1487 3165 hic
1516 3116 1756 3164 nonnulli
1786 3122 2077 3177 Interpretes

461 3178 521 3227 de
564 3179 673 3244 lege
705 3178 870 3244 Papici
902 3178 1118 3242 Poppaeci
1158 3182 1497 3232 meminerunt
1519 3219 1536 3246 ,
1585 3197 1726 3244 quam
1775 3180 1928 3248 longo
1980 3178 2074 3245 post

459 3256 681 3311 tempore
719 3249 777 3296 ab
810 3244 1024 3310 Augusto
1057 3246 1202 3295 latam
1243 3247 1449 3299 constat-
1872 3272 1879 3283 ε
