2269 3773
857 192 929 260 V
955 196 1004 259 Ι
1045 193 1111 260 T
1147 194 1233 261 A.
1685 253 1691 259 .
1783 194 1852 270 ix

302 307 384 387 Et
422 316 589 387 bene
632 301 716 386 ait
755 318 961 406 hospes
988 342 1232 411 :neque
1272 316 1435 387 enim
1464 315 1511 389 fi
1544 318 1853 411 quidpiam

216 448 292 504 ex
333 423 537 517 aliqua
581 421 738 494 secta
780 424 958 494 semel
1003 424 1307 516 probasset
1338 478 1359 514 ,
1423 425 1586 497 idem
1625 426 1858 518 semper

215 535 550 626 probabat;
587 532 692 603 sed
717 587 737 620 ,
788 559 956 604 more
980 532 1282 625 hospitum
1306 586 1326 622 ,
1377 533 1538 626 apud
1578 531 1856 624 fingulos

212 646 439 714 tamdiu
465 646 885 720 divertebatur
909 696 927 726 ‚
954 652 1241 741 quamdiu
1263 647 1509 721 libebat.
1555 652 1649 718 Ita
1673 646 1854 739 post-
1963 733 1968 738 .

208 775 390 842 quam
434 752 620 821 initio
676 778 814 830 cum
865 755 1093 823 Stoicis
1160 764 1227 827 &
1274 753 1655 827 Academicis
1697 751 1871 821 sen-‘-

205 856 365 926 serat
409 856 487 926 de
536 858 755 928 divina
814 858 881 926 in
941 884 1039 928 res
1082 859 1372 931 humanas
1413 861 1845 955 providentia,

207 964 481 1034 eamdem
523 965 689 1038 visus
724 966 809 1050 est
834 991 1064 1060 negare
1103 995 1240 1040 cum
1268 973 1537 1065 Epicuro
1561 1022 1581 1056 ,
1629 973 1754 1043 Sat.
1790 996 1848 1061 5.

205 1077 281 1145 L.
320 1099 377 1145 1.
407 1100 594 1167 quam
609 1075 844 1168 scripfit
865 1077 1110 1169 juvenis
1158 1108 1175 1150 ε
1211 1079 1552 1173 iterumque
1574 1081 1714 1150 Ode
1736 1105 1846 1173 29.

205 1188 280 1254 L.
331 1212 386 1255 1.
422 1211 698 1258 errorem
737 1187 914 1257 istum
956 1189 1265 1281 ejuravit3
1324 1201 1391 1264 &
1425 1192 1501 1262 ea
1523 1244 1544 1280 ,
1589 1192 1715 1283 qui
1739 1213 1850 1282 par

206 1310 336 1360 erat
358 1341 377 1375 ‚
413 1290 726 1383 religione
752 1282 827 1362 d‘e
862 1295 1020 1362 Deis
1043 1294 1341 1386 judicavit
1362 1345 1383 1381 ,
1426 1316 1495 1365 ut
1522 1316 1666 1386 pote
1694 1317 1852 1386 quos

208 1406 276 1471 &
315 1400 642 1470 invocaret
665 1451 686 1487 ,
715 1407 794 1490 v&
829 1423 1182 1492 precaretur
1222 1427 1340 1493 pro
1377 1402 1474 1491 se,
1514 1428 1630 1495 pro
1671 1404 1850 1472 Mae-

199 1527 414 1576 cenate
448 1556 469 1592 ,
537 1531 656 1597 pro
713 1503 1000 1596 Augusto
1040 1557 1061 1593 ,
1120 1506 1476 1599 populoque
1541 1507 1848 1579 Romano.

196 1611 392 1682 Unde
436 1610 578 1680 satis
615 1610 813 1702 liquet
849 1611 1175 1679 Horatium
1217 1609 1376 1680 nihil
1418 1608 1617 1678 minus
1660 1611 1847 1701 quam

195 1720 575 1811 Epicureum
632 1716 827 1785 fuiss'e.
875 1717 1101 1809 Neque
1144 1716 1316 1787 obest
1363 1718 1437 1788 iis
1486 1739 1623 1808 quae
1670 1716 1849 1787 dixi-

196 1850 334 1897 mus
361 1873 379 1904 ,
426 1825 595 1918 quod
642 1823 830 1918 Epist.
877 1849 940 1918 4,
1007 1832 1081 1901 L.
1158 1853 1212 1898 1.
1261 1825 1322 1897 se
1367 1845 1547 1896 vocat
1586 1830 1846 1914 Epicuri

196 1947 269 2007 de
288 1964 473 2029 grege
502 1964 754 2026 porcum
788 1963 808 2008 .·
843 1937 1003 2008 nihil
1039 1940 1204 2009 enim
1249 1935 1414 2008 aliud
1434 1988 1453 2023 ‚
1499 1938 1679 2028 quam
1705 1962 1842 2009 cum

192 2044 305 2116 suo
335 2043 598 2115 Tibullo
636 2047 838 2118 ridere
882 2045 1118 2131 voluit,
1147 2071 1216 2115 ac
1254 2042 1597 2136 fignificare
1622 2042 1682 2111 se
1703 2043 1845 2133 pin-

194 2170 385 2239 guem
422 2146 541 2217 effe
585 2155 650 2218 &
692 2150 850 2218 bene
877 2150 1181 2238 nitidum‚‘
1220 2145 1429 2243 quales
1474 2165 1649 2216 erant
1678 2145 1843 2239 Epi-
1880 2144 1889 2152 ’

193 2278 397 2329 cureae
447 2254 740 2329 dofirinae
776 2255 1117 2333 [θᾶκοι-ες.

283 2459 526 2530 Verum
558 2480 628 2532 ut
649 2453 1004 2534 coronidem
1036 2463 1414 2554 imponamus
1445 2457 1588 2529 huic
1611 2458 1836 2530 nostra:

190 2562 447 2655 opellae,
490 2566 613 2635 fuit
656 2568 949 2636 Horatius
983 2566 1192 2636 brevis
1241 2572 1306 2635 &
1343 2564 1562 2645 obesus
1599 2590 1833 2657 corpo-

191 2694 260 2740 re
285 2722 309 2757 ,
355 2670 582 2764 ingens
631 2681 698 2744 &
739 2671 981 2743 subtilis
1035 2674 1343 2767 ingenio;
1393 2670 1567 2740 miles
1606 2669 1833 2741 imbel-

188 2779 267 2850 lis
289 2833 316 2866 ‚
365 2800 534 2853 vates
577 2782 878 2855 animosus
940 2813 956 2853 ε
1013 2783 1210 2855 ὀὶᾶυε
1264 2787 1421 2852 Olor
1472 2768 1833 2873 Venusinus,
1869 2772 1877 2780 ’

191 2910 225 2956 a
270 2890 470 2979 patria
499 2897 565 2962 &
612 2893 824 2961 cantus
859 2885 1148 2965 suavitate
1191 2922 1207 2964 ε
1241 2893 1472 2963 utinam
1517 2896 1583 2961 &
1618 2886 1835 2958 Oloris

191 2995 559 3068 munditiem
594 2999 855 3069 referret
890 3001 955 3070 in
996 3001 1321 3086 omnibus,
1372 3024 1487 3069 nec
1519 2997 1581 3068 se
1614 2997 1825 3086 impu-

191 3101 420 3173 rissimo
466 3130 650 3174 coeno
698 3104 1026 3197 aliquando
1072 3105 1388 3176 foediffime
1433 3104 1829 3196 inquinaret!-

188 3209 557 3285 Latinorum
610 3212 843 3310 primus
913 3216 979 3285 &
1045 3235 1207 3292 unus
1260 3211 1516 3286 forsitan
1561 3208 1826 3281 carmina
