2269 3773
483 164 660 286 Lib,
722 176 795 264 I.
851 176 1122 262 Satira
1178 175 1340 265 XI.
1565 169 1736 310 '339

89 309 299 396 futire
317 358 341 392 ,
371 311 560 390 vicos,
586 310 781 375 urbem
810 310 867 373 ἃ*
901 312 1026 372 αΙία
1048 312 1117 371 id
1130 331 1309 394 genus
1332 313 1705 378 collaudabat
1711 341 1740 397 ;

108 405 218 485 ego
261 419 454 463 tacere
502 421 572 462 ac
596 399 842 483 prorsus
886 400 1044 462 nilzil
1088 397 1448 482 respondere.
1498 402 1735 486 Sensit,

113 486 177 552 δ’
228 510 319 553 me
347 484 660 570 respec‘lans
677 537 700 569 ,
737 486 1100 573 jampridem
1146 490 1453 577 intelligo,
1498 494 1737 575 inquit,

109 580 186 640 id
205 598 466 663 quaerere
506 596 563 640 te
611 598 681 639 ac
725 576 924 639 moliri
969 572 1184 657 anxie,
1212 600 1324 662 quo
1356 581 1529 663 pac'lo
1578 577 1616 640 a*
1648 602 1742 642 me

108 666 421 750 discedam
453 662 566 748 fed
597 661 825 751 frustra
872 686 930 727 es
950 713 973 745 ,
1005 686 1108 750 ego
1133 683 1192 727 te
1231 677 1346 728 non
1393 672 1687 731 dimittam
1720 688 1742 734 .·

111 774 475 841 quocumque
522 773 777 841 pergaS,
823 749 1155 840 afficiabor.
1211 757 1346 840 Age
1366 805 1388 837 ,
1453 779 1619 843 quem
1678 761 1742 821 in

110 846 307 906 locum
357 845 495 906 hinc
541 863 596 905 te
622 841 851 925 confers
875 840 912 907 ,²³
934 843 1085 906 Noli
1109 891 1132 923 ,
1172 845 1365 927 qua-'so
1390 894 1409 926 ,
1428 898 1438 912 .
1456 851 1691 929 inquam
1709 895 1734 928 ,

112 953 353 1016 operam
399 931 631 995 inanem
681 928 739 993 δ’
785 932 1078 1017 molestam
1113 929 1347 1012 sumere
1374 977 1389 1004 ‚
1434 937 1547 996 huc
1594 938 1741 1000 illuc

114 1042 340 1083 mecum
388 1017 943 1101 circumcursando;
986 1021 1116 1080 volo
1166 1022 1409 1104 invisere
1433 1030 1741 1107 quemdam

114 1106 149 1172 2
177 1113 318 1171 meis
361 1110 564 1170 amicis
588 1157 610 1189 ,
638 1129 802 1192 quem
850 1128 915 1171 tu
950 1103 1189 1171 minime
1233 1113 1447 1194 novisti
1466 1134 1492 1190 ;
1527 1113 1751 1193 procul

116 1200 258 1261 lzinc
302 1219 543 1276 manet,
574 1199 732 1259 ultra
779 1199 1038 1259 Tiberim
1064 1243 1087 1275 ,
1120 1216 1311 1277 prope
1351 1200 1554 1262 hortos
1604 1205 1745 1265 Cae..

99 1285 285 1369 saris.
326 1288 495 1349 Milzi
527 1282 699 1349 modo
727 1304 847 1365 ,at
883 1286 1023 1363 ille,
1066 1288 1289 1367 negotii
1336 1289 1497 1350 nihil
1516 1291 1693 1373 instat
1713 1338 1741 1370 ,

121 1373 182 1438 δ’
235 1375 476 1457 pedibus
516 1376 726 1455 vale05
771 1370 839 1436 εὸ
891 1375 1065 1457 usque
1106 1390 1165 1434 te
1206 1377 1547 1439 comitabor.
1600 1382 1744 1442 Hoc

116 1466 566 1526 denunciatione
615 1459 920 1546 perculsus
978 1481 1147 1524 aures
1201 1465 1444 1527 demitto
1470 1512 1495 1545 ,
1561 1466 1751 1550 instar

118 1549 336 1634 aselli,
380 1573 545 1634 quem
592 1554 814 1632 premit
841 1549 1085 1633 sarcina
1121 1554 1381 1633 gravior.
1440 1556 1593 1616 Tum
1643 1556 1748 1618 ille

118 1642 211 1702 ita
255 1640 390 1723 fari
436 1642 615 1721 ca’pit
660 1659 677 1701 .·
728 1639 865 1723 Nifi
907 1641 1057 1701 mihi
1084 1638 1228 1717 plus
1267 1637 1433 1725 justo
1480 1645 1757 1728 adulor,-

129 1727 367 1810 Vthum
394 1774 416 1806 ,
463 1730 711 1791 amicum
750 1748 910 1791 tuum
931 1776 953 1808 ,
986 1747 1088 1790 aut
1137 1726 1382 1791 Varium
1405 1776 1428 1808 ,
1456 1733 1608 1794 mihi
1625 1755 1745 1796 non

116 1836 452 1902 antepones,
508 1818 656 1899 Quis
696 1819 849 1879 enim
886 1837 990 1879 aut
1020 1816 1203 1899 plura
1248 1814 1423 1902 quam
1469 1840 1573 1904 ego
1617 1843 1751 1884 car-

117 1911 324 1986 mina,
374 1925 477 1968 aut
501 1905 749 1968 breviori
795 1910 1070 1988 temporis
1081 1902 1288 1988 spatio
1316 1911 1520 1970 condit
1541 1905 1580 1971 ?
1616 1916 1747 1992 quis

123 1991 450 2080 elegantius
495 1992 721 2076 saltare
781 1998 946 2057 novit
968 1990 1007 2057 Ρ
1075 1995 1222 2077 quid
1267 1990 1428 2077 quod
1467 1997 1555 2058 ita
1600 1998 1752 2062 belle}

124 2102 272 2145 cano
301 2131 324 2163 ,
368 2102 437 2144 ut
474 2085 728 2146 invidere
751 2084 902 2144 mihi
946 2079 1156 2145 merito
1183 2085 1579 2169 Hermogenes
1623 2088 1749 2168 ipfie

108 2171 310 2256 poffit.
370 2173 495 2236 Hic
540 2193 643 2257 ego
689 2172 1002 2254 interfatus
1025 2219 1048 2251 ,
1116 2173 1359 2252 arrepta
1415 2176 1746 2257 occasione,

127 2281 266 2345 rogo
303 2280 624 2323 matremne
665 2259 877 2323 habeat
900 2308 919 2341 ,
961 2261 1054 2321 vel
1083 2261 1450 2343 propinquos
1472 2307 1495 2339 ,
1543 2263 1750 2346 quibus

125 2349 297 2432 ipsius
328 2351 451 2427 vita
488 2346 836 2410 &valetudo
875 2371 1016 2413 cara
1041 2349 1144 2432 fit.
1170 2349 1484 2411 Neminem
1510 2350 1691 2413 habeo
1722 2402 1748 2434 ,

125 2439 325 2521 inquit
360 2485 385 2517 ‚
459 2457 659 2499 omnes
708 2433 847 2522 jam
911 2439 1136 2502 tumulo
1191 2440 1483 2501 mandavi.
1555 2445 1750 2523 Quam

111 2521 456 2609 praeclari,
504 2527 706 2609 inquio
735 2573 759 2606 ,
806 2546 933 2589 cum
985 2526 1104 2591 illis
1173 2523 1360 2587 ac‘lum
1413 2527 1499 2609 est
1520 2528 1546 2588 .'
1599 2552 1753 2593 nunc

119 2633 229 2698 ego
310 2615 554 2701 nperstes
579 2611 719 2696 sum
738 2660 762 2693 ,
791 2635 859 2678 ut
902 2635 966 2677 tu
993 2636 1084 2677 me
1110 2655 1127 2684 ‚
1164 2616 1414 2695 perinde
1460 2636 1529 2676 ac
1573 2619 1753 2702 illos,

106 2703 422 2784 perimas,·
464 2722 570 2789 age
597 2749 620 2781 ,
659 2703 880 2786 perfice
939 2706 1099 2788 quod
1138 2721 1262 2764 tam
1318 2698 1462 2764 belle
1508 2709 1750 2789 coepisti.

121 2791 334 2853 Sentio
386 2792 539 2852 enim
579 2791 792 2874 instare
821 2790 1078 2874 finalem
1121 2791 1324 2852 lzoram
1348 2838 1368 2874 ‚
1412 2794 1563 2855 milti
1590 2795 1756 2880 jam-

118 2880 341 2939 dudum
369 2873 407 2939 ὰ
448 2879 645 2941 vetula?
670 2881 924 2962 qua‘dam
948 2879 1179 2942 Sabina
1206 2878 1553 2960 proedic'iam
1570 2932 1592 2964 ,
1621 2907 1755 2969 qua.-

117 2962 259 3030 citm
286 2986 495 3027 urnam
522 2962 831 3053 agitaffet,
861 2970 924 3029 in
951 2988 1125 3049 quam
1156 2964 1350 3049 sortes
1376 2967 1711 3053 conjecerat
1729 3023 1752 3056 ‚

117 3076 200 3117 ex
245 3052 450 3139 quibus
473 3101 493 3135 ,
542 3056 671 3138 quis
717 3076 808 3118 me
862 3076 1124 3119 maneret
1159 3058 1304 3119 vitae
1360 3060 1554 3121 exitus
1594 3066 1757 3125 divi-

115 3161 339 3223 naret,
384 3145 475 3205 ita
521 3146 594 3206 de
638 3163 731 3204 me
779 3163 900 3206 tum
924 3164 1110 3227 puero
1139 3147 1576 3226 pronunciavit.
1631 3155 1758 3215 Hic

116 3250 306 3316 neque
354 3250 573 3295 veneno
600 3250 783 3318 neque
813 3230 1060 3319 hostium
1099 3232 1351 3332 gladi03
1401 3257 1507 3301 nec
1554 3235 1759 3303 lateris

1224 3315 1369 3411 P1j
