2269 3773
509 295 676 383 244
906 259 1012 371 Q.
1072 239 1392 339 Horatii
1444 244 1734 330 Flacci.

672 400 943 464 Suamque
984 390 1131 462 pulla
1170 386 1300 464 ficus
1329 398 1484 442 ornat
1515 375 1817 440 arboremr'

601 471 774 532 Mella
810 467 937 523 cava
978 480 1196 520 manant
1233 473 1296 516 cx
1334 456 1486 524 ilice,
1528 451 1802 511 montibus
1842 447 1968 511 altis

673 538 831 600 Levis
864 551 1110 606 crepante
1152 526 1382 605 lympha
1417 524 1585 583 defilit
1623 522 1776 595 pede.

602 616 720 673 mic
757 607 956 679 injuffae
991 605 1215 663 veniunt
1252 601 1324 660 ad
1361 598 1592 656 mulc‘tra
1631 594 1844 664 capellae
1864 636 1889 668 ,

514 709 601 761 50.
672 681 960 751 Refertque
993 695 1140 735 tenta
1177 694 1307 747 grex
1344 668 1544 728 amicus
1585 666 1779 727 ubera3

605 758 720 817 Nec
758 751 1083 822 vespertinus
1119 740 1493 816 circumgemit
1524 739 1671 797 ursus
1709 736 1893 809 ovile,

681 827 799 885 Nec
833 819 1134 881 intumescit
1180 819 1289 875 alta
1322 811 1518 885 viperis
1553 811 1779 869 humus.-

606 901 871 968 Pluraque
910 892 1089 950 felices
1117 890 1456 948 mirabimur5
1492 903 1550 944 ut
1587 900 1756 963 neque
1799 875 1968 949 largis

681 966 936 1040 Aquosus
975 966 1152 1021 Eurus
1190 981 1315 1018 arva
1344 956 1494 1016 radat
1528 952 1785 1011 imbribus
1805 993 1820 1017 ,

516 1039 843 1121 55.Pinguia
880 1058 976 1095 nec
1010 1034 1153 1092 ficcis
1194 1046 1415 1089 urantur
1453 1026 1653 1087 semina
1695 1021 1903 1095 glebiS,

517 1131 522 1135 ’
614 1118 922 1181 Utrumque
953 1127 1081 1178 rege
1116 1119 1447 1173 temperante
1475 1096 1735 1157 coelitfim.

611 1185 742 1244 Non
769 1184 875 1240 huc
908 1182 1100 1250 Argoo
1123 1173 1394 1234 contendit
1424 1170 1631 1240 remige
1662 1167 1816 1239 pinus
1825 1206 1845 1233 ‚

684 1254 878 1327 Neque
917 1247 1189 1321 impudica
1221 1244 1450 1302 Colchis·
1471 1241 1656 1300 intulit
1682 1236 1909 1309 pedem:

608 1328 738 1387 Non
777 1327 883 1384 huc
921 1320 1121 1380 Sidonii
1152 1317 1418 1377 torserunt
1449 1332 1648 1372 cornua
1668 1324 1842 1367 nautae

520 1416 603 1462 60.
694 1397 981 1457 Laboriosa
1017 1412 1112 1451 nec
1152 1387 1344 1447 cohors
1383 1385 1623 1470 Ulyffei‘.

613 1471 780 1530 Nulla
823 1484 1015 1526 nocent
1055 1464 1234 1535 pecori
1268 1476 1553 1530 contagia,
1591 1452 1789 1512 nullius
1829 1446 1958 1507 astri

688 1540 932 1611 Gregem
965 1534 1188 1593 aestuosa
1218 1550 1384 1591 torret
1420 1526 1757 1600 impotentia.

617 1613 826 1685 Jupiter
854 1611 945 1668 illa
976 1608 1078 1679 piae
1116 1605 1338 1665 secrevit
1375 1602 1558 1663 littora
1598 1595 1787 1673 genti,

465 1745 468 1748 .
514 1741 2108 1788 .................-....------—---

527 1808 586 1819 ⁸⁸——

590 1860 676 1921 46.
715 1855 887 1908 Pulla.
918 1850 1207 1917 Nigricans.
1246 1846 1394 1896 Ficus
1425 1842 1805 1892 maturescentes
1840 1840 2149 1903 nigrescunt.

596 1943 676 1991 49.
713 1923 947 1973 Mazara.
986 1916 1201 1966 Ponitur
1240 1912 1318 1960 hic
1346 1909 1546 1974 generis
1578 1905 1805 1955 neutrius
1840 1923 1856 1951 .·
1901 1904 2152 1964 usurpatur

527 1993 678 2047 etiam
715 1990 773 2038 in
797 1986 1039 2035 foemineo
1066 1981 1190 2041 apud
1224 1975 1492 2041 Virgilium
1513 2008 1528 2034 ,
1553 1973 1654 2021 Ecl.
1684 1977 1777 2018 111.
1812 1975 1907 2019 Vas
1934 1967 2001 2017 est
2020 2002 2036 2030 ,
2061 1979 2156 2026 quo

527 2063 607 2111 lac
641 2054 874 2105 uberibus
910 2060 1163 2097 vaccarum
1201 2040 1465 2104 expressum
1500 2038 1759 2099 excipitur.

599 2134 680 2189 54.
715 2119 898 2169 Radat.
931 2110 1104 2162 Nimbi
1128 2144 1143 2169 ,
1183 2105 1240 2156 δί
1269 2107 1511 2169 largiores
1548 2102 1729 2165 pluviae
1764 2113 1942 2147 terram
1983 2097 2156 2144 radunt

529 2192 587 2242 81
620 2199 857 2247 verrunt3
892 2194 999 2230 non
1041 2176 1243 2238 rigant,
1286 2185 1334 2219 at
1369 2169 1619 2217 insinuant
1640 2167 1719 2228 se,
1760 2179 1814 2212 ac
1846 2161 2025 2212 blande
2066 2161 2155 2209 in-

533 2258 713 2306 fluunt.

601 2334 680 2385 57.
707 2313 900 2378 Argoo.
937 2312 1129 2371 Argous
1176 2316 1374 2361 remex,
1406 2303 1600 2363 Argous
1638 2297 1832 2356 ve&or;
1866 2292 1951 2354 qui
1994 2288 2157 2340 navim

534 2393 602 2438 Ar
638 2401 667 2429 o
692 2374 998 2428 conscendit.
1026 2378 1100 2419 De
1133 2365 1436 2430 Argonautis
1461 2364 1576 2410 facta
1604 2359 1795 2409 mentio
1815 2359 1977 2419 supra.

655 2449 787 2496 inus.
826 2444 983 2490 Arbor
1010 2471 1025 2497 ,
1061 2451 1118 2482 ex
1152 2437 1242 2494 qua
1275 2424 1425 2493 vulgo
1468 2443 1621 2475 naves
1661 2423 1984 2472 fabricantur.
2057 2476 2060 2481 ,

611 2513 691 2577 58.
735 2507 947 2559 Colchis.
988 2501 1191 2559 Medea,
1228 2501 1368 2557 cujus
1406 2506 1540 2556 pater
1585 2498 1690 2540 AEta
1735 2503 1818 2535 rex
1873 2483 2161 2536 cholchidis

541 2581 661 2631 fuit.
695 2576 772 2624 Est
806 2588 863 2620 ea
910 2567 1051 2630 regio
1096 2564 1218 2612 Asia:
1256 2557 1405 2623 prope
1454 2564 1671 2606 Pontum
1712 2551 1768 2602 St
1821 2551 2065 2611 Iberiam,
2107 2549 2164 2596 ad

544 2642 790 2696 Euxinum
818 2647 966 2681 mare.

617 2701 832 2756 Sidonii.
881 2697 1030 2745 sidon
1054 2728 1071 2756 ,
1111 2695 1228 2742 urbs
1269 2684 1537 2739 Phoeuiciae
1575 2685 1631 2731 ad
1671 2697 1801 2730 mare
1832 2682 1956 2738 θεας
1993 2692 2163 2740 empo-

548 2775 679 2824 rium
713 2762 1085 2816 ceieberrimum
1114 2773 1129 2820 ;
1166 2771 1301 2805 nunc
1335 2766 1530 2801 vocatur
1569 2748 1736 2812 Seyde.
1782 2747 2043 2811 Significat
2064 2744 2165 2791 for‘-

551 2849 744 2890 tunatas
785 2827 969 2879 insulas
1003 2837 1165 2872 carere
1196 2819 1483 2868 hominibus
1519 2817 1674 2862 avaris
1709 2811 1766 2861 ὅ(
1795 2810 2019 2871 injustiS,
2047 2825 2162 2870 qua-

552 2907 632 2954 les
672 2899 829 2946 ferme
864 2892 979 2940 sunt
1013 2902 1168 2936 nautae
1202 2902 1255 2934 ac
1289 2895 1578 2932 mercatores
1598 2895 1613 2942 ;
1640 2881 1760 2928 item
1792 2874 2075 2925 libidinosis
2114 2870 2168 2922 ὅτ
2260 2930 2261 2935 ¹

553 2962 796 3026 voiupsati
837 2955 1046 3013 deditis,
1082 2951 1249 3012 quales
1297 2947 1476 3010 ulyffis
1513 2944 1636 2992 socii
1678 2943 1835 2990 fuere.
1882 2940 2095 2988 Cadmus
2144 2937 2167 2984 ὲ

554 3027 816 3083 Phoenicia
838 3022 948 3072 cum
987 3018 1134 3067 sociis
1177 3014 1320 3065 venit
1349 3014 1405 3060 in
1439 3009 1698 3075 Graeciam.
1736 3005 1926 3054 Sidonii
1949 3002 2006 3052 δε
2027 3001 2168 3067 Lydii

554 3092 881 3150 Phoenicibus
917 3083 1112 3144 vicini,
1150 3095 1299 3129 artem
1338 3076 1581 3124 nauticam
1617 3071 1862 3134 imprimis
1904 3068 2166 3119 canebant.

634 3161 811 3208 Cornu.
853 3159 1098 3201 Extremas
1131 3147 1253 3194 hinc
1302 3142 1420 3191 inde
1456 3154 1614 3202 partes
1664 3150 1987 3185 antennarum
2027 3154 2039 3182 :
2075 3147 2171 3193 qua
2260 3174 2261 3179 ,

459 3274 496 3285 Ἀ.
557 3229 674 3337 surlit
704 3224 937 3286 ingentes
959 3214 1158 3278 perticae
1193 3205 1471 3258 transversae
1491 3240 1508 3266 ‚
1535 3205 1595 3253 de
1617 3202 1794 3266 quibus
1818 3198 2044 3266 suspensa
2067 3197 2176 3250 sunt

560 3308 622 3343 ve
650 3306 697 3337 a.

629 3354 711 3422 58.
741 3349 933 3418 Ulyffii.
974 3347 1015 3394 A
1053 3342 1180 3393 resto
1218 3336 1328 3389 casu
1353 3335 1602 3402 Ulysseus.
