2269 3773
616 152 804 238 ‚Ars
859 152 1194 238 Poe'tica.
1437 196 1450 201 -
1562 181 1718 279 553

35 292 263 357 'tiberi
271 288 504 377 jubeas
529 291 790 353 omnibus
824 310 1201 375 quaecumque
1229 289 1293 351 in
1318 284 1557 370 scenam
1591 292 1629 355 ὰ
1664 315 1725 358 te

33 380 314 445 inducia
342 377 588 462 fuerint
631 400 651 443 .·
701 376 1019 464 quamlibet
1062 377 1432 441 incredibilia
1480 384 1729 445 videan-
1761 448 1764 449 γ

33 491 158 534 tur·
205 489 228 532 .·
312 492 335 531 ι
360 513 381 546 ,
424 466 581 530 verbi
620 469 823 552 gratid
845 513 868 547 ,
917 487 1119 529 narres
1139 487 1385 548 puerum
1421 467 1492 528 ab
1519 471 1724 555 aliqua

33 558 299 624 lamia
346 560 684 618 devoratum
713 603 736 634 ,
777 553 848 621 ab
892 552 1147 637 ejusdem
1184 574 1383 618 ventre
1416 557 1604 619 vivum
1647 581 1722 624 ac

31 646 405 730 spirantem
441 639 758 706 extrac‘lum
802 637 931 727 effe.
979 647 1162 707 Senes
1201 642 1536 726 improbant
1580 668 1721 709 car-

35 738 236 797 mina
265 753 413 816 quae
453 732 611 793 nihil
647 729 861 793 liabent
883 730 1164 793 utilitatis
1201 753 1220 797 ε
1263 750 1328 794 at
1342 729 1590 816 juvenes
1603 755 1724 815 po-

36 822 230 884 Iituli
283 818 348 883 C?
389 820 678 905 elegantes
722 837 791 880 ea
821 815 1142 903 fastidiunt
1162 862 1183 896 ,
1228 840 1362 903 quae
1405 822 1562 884 nilzil
1596 823 1720 884 lta-

40 910 203 972 b'ent
227 909 579 990 voluptatis.
624 906 908 969 Omnium
914 902 1232 991 suffragiis
1256 907 1356 968 ille
1369 914 1554 987 poe'ta
1569 931 1722 991 pro-

42 997 318 1060 babitur
338 1042 358 1076 ,
397 999 499 1080 qui
529 995 885 1076 voluptatem
905 995 1159 1057 utilitati
1186 992 1526 1079 adjunxerit
1545 1045 1562 1077 ‚
1610 1002 1718 1081 qui
1749 1016 1754 1020 ·

43 1083 347 1147 Ιεᾶονειη
384 1080 748 1145 οὸΙεεῚανενὶε
785 1101 858 1143 ac
893 1083 1174 1144 docuerit.
1220 1079 1536 1166 Ejusmodi
1565 1086 1723 1149 liber

46 1174 287 1236 Socios
335 1171 680 1252 bibliopolas
719 1168 1037 1250 locupletat
1060 1192 1093 1251 ,⁷
1126 1168 1227 1230 ille
1266 1174 1340 1232 in*
1365 1171 1718 1253 transmari-

46 1282 174 1323 nas
199 1262 469 1345 regiones
506 1261 894 1341 deportatur,·
941 1257 1042 1319 ille
1068 1257 1322 1320 celebrat
1356 1258 1716 1343 auctoeissuz·

55 1369 287 1411 nomen
338 1342 396 1409 δ’
445 1345 886 1409 immortalitati
925 1342 1242 1428 constecrat.
1289 1350 1445 1410 Sunt
1484 1348 1717 1410 nihilo-

54 1438 262 1497 minus
299 1437 570 1518 quadam
613 1451 807 1497 vatum
861 1452 1059 1496 errata
1082 1475 1100 1503 ‚
1147 1453 1281 1517 quae
1327 1432 1535 1498 meritc)
1561 1435 1714 1517 sunt

59 1522 192 1586 illis
236 1524 621 1584 condonanda
664 1542 686 1585 .·
737 1541 916 1605 neque
942 1523 1099 1585 enim
1123 1522 1344 1583 chorda
1383 1523 1710 1606 Iyraesem-

40 1631 179 1693 per
213 1631 346 1671 eum
406 1607 831 1691 referernum
869 1656 892 1687 ,
955 1629 1121 1693 quem
1170 1608 1460 1694 tangentis
1501 1634 1707 1677 manus

58 1695 408 1781 animusque
436 1697 697 1781 postulat
719 1743 737 1776 ,
791 1693 849 1759 &-
875 1693 1042 1779 soepe
1064 1692 1234 1781 juffiz
1279 1700 1516 1760 reddere
1551 1722 1709 1784 gra-

62 1806 230 1856 vem,
255 1802 483 1846 acutum
512 1786 741 1867 reponit
766 1802 785 1847 .·
812 1804 992 1868 neque
1010 1805 1179 1846 arcus
1186 1783 1427 1868 semper
1428 1787 1658 1872 signum
1673 1837 1700 1870 ,

63 1875 132 1937 in
156 1874 315 1959 quod
332 1870 560 1955 sagitta
594 1874 917 1958 dirigitur,
971 1873 1184 1957 tangit.
1248 1872 1317 1938 V
1305 1869 1471 1937 eriam
1492 1874 1706 1958 fiplu-

62 1980 161 2023 res
208 1962 326 2023 loci
356 1957 506 2042 sunt
545 1964 611 2023 in
647 1963 928 2045 poemate
965 1960 1252 2041 proeclari
1300 1958 1358 2022 δ’
1404 1961 1698 2048 illustres,

60 2048 357 2134 ignoscam
383 2049 813 2130 paucisnaevis
835 2096 858 2127 ,
907 2051 1007 2131 qui
1030 2068 1149 2129 per
1167 2047 1576 2133 negligentiam
1601 2054 1700 2113 ir-

63 2134 351 2218 repserint
370 2182 394 2216 ‚
430 2156 533 2199 aut
556 2183 580 2217 ‚
629 2154 699 2197 ut
739 2137 823 2220 est
858 2154 1091 2197 naturoe
1139 2136 1412 2199 humana?
1437 2134 1697 2222 fragili-

65 2242 165 2287 tas
191 2274 212 2305 ‚
255 2225 594 2286 exciderint.
642 2222 735 2287 At
768 2226 1249 2307 quemadmodum
1287 2246 1405 2287 non
1441 2223 1694 2310 ignosci-

66 2330 172 2376 tur
206 2309 441 2374 librario
465 2358 484 2392 ‚
530 2313 631 2395 qui
686 2330 862 2373 manu
899 2310 1196 2373 volumina
1237 2309 1555 2395 describit5
1588 2315 1688 2398 fi,

69 2394 209 2461 licet
238 2396 396 2480 soepe
441 2399 812 2477 admonitus,
863 2399 927 2459 in
976 2404 1234 2462 eumdem
1265 2398 1504 2481 semper
1531 2422 1691 2465 erro·

72 2506 192 2548 rem
218 2485 588 2567 prolabitur;
630 2488 1107 2570 quemadmodum
1147 2487 1532 2551 citharoedum
1575 2493 1692 2553 de-

72 2576 314 2636 ridemus
335 2621 355 2655 ,
391 2577 492 2658 qui
504 2571 744 2655 semper
774 2575 838 2637 in
878 2575 1079 2636 eadem
1117 2578 1338 2639 clzorda
1372 2597 1689 2661 perperam

74 2665 351 2745 tangenda
383 2680 600 2741 peccat
641 2680 661 2723 .·
689 2661 781 2744 fic
813 2665 1054 2742 poetam
1080 2707 1105 2740 ‚
1155 2665 1257 2749 qui
1281 2662 1506 2747 saepius
1545 2669 1690 2730 deli·

75 2766 171 2812 rat
195 2795 215 2826 ,
257 2769 323 2810 ac
360 2749 718 2835 negligenter
739 2747 985 2831 scribit,
1031 2769 1308 2833 comparo
1357 2753 1451 2815 illi
1500 2757 1688 2819 Chae-

75 2833 184 2899 rilo
208 2882 227 2913 ,
272 2856 433 2919 quem
477 2838 742 2900 admiror
785 2835 843 2898 fe
896 2839 1056 2898 rideo
1095 2840 1153 2922 Ji
1205 2841 1351 2923 quid
1392 2840 1479 2901 bis
1525 2861 1688 2906 terve

77 2919 355 2985 commode
381 2921 734 3030 scriptitat:
763 2942 968 2987 contra
1000 2921 1136 2988 vero
1170 2925 1531 3012 nonpoffi'tm
1567 2929 1686 2994 non

82 3004 229 3093 eegr>
242 3007 396 3090 ferre
415 3059 432 3091 ‚
463 3032 596 3074 cum
630 3016 952 3076 Homerum
975 3031 1148 3076 cerno
1172 3011 1522 3097 scribentem
1552 3020 1682 3081 ali-

88 3100 295 3181 quando
350 3097 731 3184 negligentius
789 3122 858 3163 ac
919 3099 1074 3164 velut
1118 3100 1629 3185 obdormiscentem
1657 3128 1680 3170 .·

86 3204 386 3272 quanquam
434 3189 632 3252 danda
688 3185 842 3254 certe
895 3191 1065 3255 venia
1094 3191 1154 3279 fi
1198 3192 1334 3343 guis
1371 3189 1682 3275 paululum

52 3299 59 3306 ’
1290 3301 1326 3346 a
