2269 3773
448 229 560 317 66
586 253 589 256 “
836 234 939 344 Q.
1001 232 1317 333 Horatii
1372 234 1661 320 Flacci.

448 381 458 390 ·
538 360 872 421 Demiss‘um3
908 363 1150 432 quamvis
1186 363 1377 435 clypeo
1416 361 1655 431 Troiana
1694 363 1859 425 refixo

685 434 963 502 Tempora
1000 437 1255 502 testatus,
1293 432 1424 490 nihil
1460 436 1599 491 ultra

538 503 749 563 Nervos
771 547 790 573 ‚
823 525 983 575 atque
1021 525 1197 563 cutem
1241 506 1403 562 motti
1455 508 1770 567 concesserat
1806 528 1968 580 attae;

682 576 863 634 Judice
909 593 996 647 te,
1030 598 1138 634 non
1178 576 1413 636 sordidus
1434 578 1621 636 auster

433 645 762 717 45.Natutae
798 648 1033 719 verique.
1068 647 1174 705 Sed
1204 669 1392 706 omnes
1425 669 1528 705 una
1561 667 1744 709 manet
1783 672 1919 725 nox,

684 718 758 777 Et
789 719 1031 777 calcanda
1067 721 1232 778 semel
1265 720 1351 777 via
1387 719 1535 777 lethi.

540 788 693 848 Dant
726 792 855 848 alios
890 790 936 846 F
941 792 1064 849 uriae
1096 812 1253 849 torvo
1290 792 1584 862 spectacula
1624 792 1829 853 Marti:

686 861 865 921 Exitio
905 866 979 919 est
1015 863 1181 921 avidis
1218 883 1363 920 mare
1405 865 1608 921 nautis:

540 932 704 991 Mista
728 933 909 990 senum
930 955 989 990 ac
1013 934 1274 1004 juvenum
1310 934 1595 993 densantur
1610 934 1797 995 funera
1817 960 1833 992 .-
1855 936 2074 995 nullum

442 1022 534 1074 240.
680 1005 830 1064 Saeva
858 1025 1017 1076 caput
1043 1006 1352 1077 Proserpina
1385 1006 1548 1076 fugit.

537 1075 637 1133 Me
680 1097 892 1149 quoque
913 1077 1099 1134 devexi
1134 1076 1348 1147 rapidus
1385 1098 1564 1137 comes
1607 1077 1829 1137 Orionis

683 1149 910 1221 Illyricis
952 1147 1131 1208 Notus
1168 1148 1349 1207 obtuit
1387 1148 1554 1207 undis.

547 1219 638 1277 Au
673 1236 771 1293 tu,
810 1236 972 1278 nauta
990 1264 1009 1293 ,
1055 1240 1208 1293 vagae
1250 1241 1317 1277 ue
1350 1241 1505 1291 parce
1545 1220 1815 1293 malignus
1852 1241 2028 1281 arenae

451 1494 634 1557 giones
654 1530 670 1558 ,
705 1496 921 1545 discendi
955 1498 1108 1546 studio
1144 1496 1398 1557 lustratas,
1421 1494 1531 1545 eum
1562 1496 1620 1546 in
1650 1503 1839 1546 Samum
1864 1497 2079 1556 insuiam

453 1560 602 1623 AEgaei
639 1562 786 1609 maris
812 1583 827 1623 ,-
862 1564 1063 1625 patriam
1102 1564 1235 1611 suam
1255 1598 1269 1623 ,
1293 1562 1549 1610 revenisset
1574 1599 1591 1624 ,
1626 1578 1825 1621 eamque
1865 1563 1894 1610 a
1920 1562 2082 1626 Poly·

457 1638 587 1670 crate
642 1639 857 1688 tyranno
903 1628 1089 1676 videret
1145 1641 1458 1689 occupatam,
1507 1627 1688 1675 seceffit
1743 1628 1799 1674 in
1849 1626 2040 1676 Italiam
2062 1661 2083 1689 ,

452 1687 725 1749 delessaque
766 1690 878 1739 sede
931 1694 1056 1754 apud
1093 1693 1444 1753 Crotoniatas,
1494 1691 1852 1753 philosophiam
1892 1692 1963 1739 ibi
2010 1692 2083 1741 est

349 1749 353 1754 ’
442 1750 686 1814 professus
711 1790 726 1815 ‚
761 1770 858 1813 quo
890 1771 1114 1819 tempore
1145 1758 1337 1805 Servius
1375 1756 1546 1806 Tullus
1584 1763 1746 1804 Romae
1778 1760 2030 1821 regnabat.

523 1815 707 1866 Iterum
736 1825 857 1868 Orco
886 1820 1174 1888 Demiffum.
1204 1821 1446 1869 Videlicet
1470 1818 1628 1885 primo
1652 1858 1667 1883 ,
1700 1819 1808 1868 cum
1841 1822 1955 1870 esset
1979 1829 2086 1874 Eu-

458 1881 715 1948 phorbus;
750 1884 929 1936 iterum
984 1886 1100 1937 verb
1137 1924 1152 1949 ‚
1193 1885 1302 1935 eum
1353 1888 1467 1935 ciset
1502 1889 1843 1952 Pythagoras:
1883 1888 1942 1936 de
1991 1889 2084 1938 hae

454 1946 598 1995 enim
641 1950 837 2014 gemina
874 1967 1065 2002 tantum
1093 1952 1493 2018 metempsychosi
1534 1955 1826 2017 Pythagorae
1860 1952 2087 2014 loquitur

456 2013 553 2061 hoc
602 2014 802 2063 inloco
831 2019 1079 2067 Horatius.

450 2110 453 2113 -
524 2074 655 2127 Orco
699 2081 954 2146 demiffum.
996 2082 1124 2143 Quia
1166 2097 1345 2145 nempe
1384 2081 1491 2142 eius
1521 2081 1720 2143 anima,
1744 2082 1894 2130 toties
1921 2080 2089 2139 fuerat

457 2143 520 2192 nd
551 2143 742 2195 inferos
776 2147 967 2211 delapsa
987 2184 1014 2209 ,‚
1047 2148 1103 2198 &
1148 2147 1264 2196 inde
1310 2147 1459 2203 toties
1487 2162 1713 2195 revocata
1734 2182 1748 2207 ,
1786 2147 1982 2207 quoties
2021 2149 2088 2196 ab

462 2224 568 2258 uno
611 2226 815 2274 corpore
849 2214 907 2261 in
953 2214 1087 2262 aliud
1133 2212 1370 2261 transsata
1394 2226 1514 2260 erat.
1556 2211 1684 2273 Vel,
1720 2212 1804 2259 etfi
1838 2212 2002 2259 anima
2025 2213 2088 2259 ad

442 2280 647 2322 ¹Orcum
689 2277 884 2326 demiss‘a
919 2295 1025 2328 non
1048 2277 1243 2342 fuiss'et,
1268 2277 1437 2326 saltem
1484 2276 1791 2325 simulacrum
1822 2276 1880 2327 &
1917 2277 2087 2342 imago

453 2336 515 2388 eb
559 2339 836 2392 deduxerat.

526 2418 605 2453 11.
641 2403 880 2467 Quamvis
906 2443 921 2468 ‚
966 2412 1055 2459 ere.
1113 2413 1189 2457 Ita
1234 2408 1537 2472 Pythagoras
1583 2407 1643 2455 de
1690 2406 1739 2455 se
1786 2405 1888 2467 ipse
1944 2404 2088 2454 canit

455 2469 586 2530 apud
635 2469 780 2522 Ovid.
833 2480 936 2524 XV.
991 2482 1197 2528 Metam.
1241 2473 1353 2535 Ipsi:
1393 2491 1511 2538 ego,
1548 2490 1659 2520 nam
1681 2471 1908 2534 memini,
1955 2470 2086 2519 Tro-

454 2533 568 2598 iani
591 2547 795 2596 tempore
828 2538 942 2588 belli
982 2537 1283 2589 Panthoides
1325 2536 1617 2599 Euphorbus
1652 2555 1815 2595 eram3
1856 2537 1937 2586 cui
1968 2553 2086 2597 petr·

412 2600 415 2603 ’
463 2613 566 2648 tore
601 2609 834 2661 quondam
868 2600 1011 2669 Hoefit
1037 2605 1087 2653 in
1116 2611 1311 2664 adverso
1345 2602 1512 2667 gravis
1545 2600 1679 2666 hasta
1704 2602 1906 2651 minoris
1931 2599 2089 2650 Atri-

463 2669 535 2714 doe
563 2686 575 2714 ε
599 2669 798 2728 cognovi
820 2675 1027 2731 clypeum
1051 2680 1166 2720 leva
1194 2667 1457 2744 gestamina
1473 2665 1643 2732 ‚nostra
1658 2702 1675 2728 ,
1713 2664 1882 2728 Nuper
1904 2665 2089 2716 Aban-

465 2733 642 2788 rhais,
679 2741 850 2795 templo
889 2731 1098 2784 Iunonis
1125 2770 1141 2795 ‚
1192 2751 1243 2782 m
1266 2732 1444 2798 Argis.
1482 2739 1624 2779 Hunc
1649 2730 1790 2794 porro
1829 2735 2088 2794 Euphorbi

462 2798 693 2859 clypeum
733 2797 1019 2863 Menelaus,
1075 2801 1208 2848 inter
1239 2812 1408 2847 caetera
1437 2795 1759 2856 Troianorum
1800 2797 1994 2859 spolia,
2030 2799 2089 2847 in

465 2857 650 2924 templo
667 2864 876 2911 Iunonis
900 2865 1066 2914 fixerat
1091 2885 1103 2914 ς
1133 2864 1433 2928 Pythagoras
1466 2857 1598 2910 verb·
1614 2862 1834 2910 refixerat
1852 2898 1867 2923 ,
1906 2862 1959 2909 id
1982 2864 2051 2912 est
2070 2900 2085 2926 ,

464 2927 766 2989 detraxerat,
821 2926 878 2977 δε
921 2929 1062 2979 suum
1118 2929 1242 2978 olim
1267 2964 1283 2990 ,
1343 2925 1451 2976 cum
1495 2926 1609 2977 effer
1648 2930 1861 2976 Pantho·i
1912 2929 2086 2990 filim,

460 2989 606 3042 fuiss'e
644 3012 666 3041 a
705 3007 925 3044 noverat.

530 3066 608 3108 12.
643 3011 793 3106 1517151
819 3066 946 3108 ultra
972 3097 985 3121 ‚
1026 3063 1114 3109 ἃς.
1141 3064 1367 3119 Corpore
1383 3056 1485 3104 solo
1516 3056 1675 3105 veluti
1708 3072 2084 3121 murmurent,

461 3119 624 3171 anima
667 3124 721 3171 in
747 3123 878 3172 aliud
917 3141 1093 3188 corpus
1136 3125 1420 3174 transeunte
1445 3158 1461 3185 ,
1506 3121 1563 3172 &
1605 3121 1678 3171 ibi
1723 3123 1873 3183 vitam
1906 3139 2087 3174 recen-

462 3198 562 3233 tem
613 3188 894 3238 inchoante.
1459 3206 1462 3207 ’
1857 3214 1860 3219 ·

532 3266 609 3315 17.
644 3251 937 3312 Speffacuza.
970 3254 1107 3302 Haud
1130 3255 1279 3308 ‚secus
1318 3265 1456 3313 atque
1485 3252 1777 3318 giadiatores
1803 3253 1991 3315 populo
2032 3255 2090 3302 ad

457 3313 778 3377 spectaculum
815 3321 1123 3374 exhibentur.
1166 3319 1327 3371 Furiae
1366 3335 1511 3382 porro
1542 3354 1559 3385 ,
1602 3319 1698 3369 five
1740 3318 2046 3369 Eumenides
2069 3354 2089 3385 ,
