2269 3773
546 162 724 250 Lib.
795 151 954 249 VI.
1022 164 1197 249 Ode
1256 163 1438 250 XI:
1635 190 1805 273 217

179 304 330 389 regis
364 299 598 367 barbari
623 301 927 365 libidinem
944 298 1258 385 pet-peram
1281 301 1619 364 vindicavit.
1653 296 1816 379 Pas-

178 414 332 457 tores
380 396 444 455 in
494 390 674 454 herba
714 392 976 454 molliter
1001 393 1132 477 sitsi
1175 393 1536 455 meditantur
1570 392 1818 472 agrestes

176 483 496 545 cantilenas
535 484 597 545 in
625 482 903 543 honorem
931 484 1138 543 Panos
1162 530 1184 561 ,
1231 483 1326 542 cui
1342 501 1565 563 pecora
1612 497 1815 553 curae,

103 567 106 572 ’
178 568 239 633 ἃ
279 572 568 635 Arcadiae
608 572 893 655 nemorosi
920 569 1096 632 colles
1132 572 1300 632 cordi
1323 569 1492 652 sunt.
1550 563 1828 647 Tempe-[²

180 677 272 721 tas
313 662 572 723 calidior
604 660 768 745 fitim
809 659 1138 738 conciliat,
1201 658 1421 743 Virgili
1449 681 1473 737 ‚·
1533 676 1706 741 quam
1754 673 1823 716 tu

163 748 224 833 fi
267 748 481 813 Caleno
516 751 650 810 vino
686 748 876 811 levare
899 768 1064 810 amas
1092 796 1114 827 ,
1165 748 1199 809 ὂ
1229 745 1511 831 juvenum
1535 744 1823 808 nobilium

179 836 375 899 cultor
407 835 465 899 fe
507 857 699 899 comes
724 883 747 915 ‚
797 838 993 898 vinum
1038 833 1164 918 ipse
1208 857 1499 919 apponam
1523 853 1664 914 „tu
1695 853 1823 895 un-

133 943 142 951 ·
170 945 452 1010 guentam
489 928 804 989 nardinum
840 923 995 987 velut
1014 923 1355 1010 symbolam
1396 924 1611 1007 afferes
1655 942 1674 986 .·
1713 942 1821 1006 ego

179 1010 314 1076 verb
353 1017 562 1078 cadum
590 1016 885 1099 integrum
910 1060 931 1092 ,
983 1035 1134 1075 nunc
1177 1015 1240 1075 in
1283 1014 1543 1097 Sulpicii
1582 1014 1829 1096 apothe-

181 1105 267 1164 cis
304 1105 604 1167 conditum
633 1152 655 1183 ,
706 1099 765 1163 δ’
802 1102 1059 1185 mirifica⁴
1094 1103 1154 1163 vi
1195 1104 1277 1164 ad
1295 1102 1621 1185 implendos
1653 1101 1826 1187 affu-

181 1193 290 1253 tim
337 1191 493 1254 hona*
512 1190 622 1275 spe
660 1194 930 1270 animos,
975 1187 1253 1273 curasque
1298 1192 1395 1252 vel
1438 1189 1827 1274 acerbissimas

181 1282 566 1365 detergendas
597 1281 925 1362 praeditum
968 1326 990 1359 ,
1066 1298 1187 1341 non
1232 1277 1506 1341 dubitabo
1561 1281 1670 1342 tibi
1692 1277 1695 1278 ⁷
1705 1299 1828 1361 pro

177 1370 395 1451 exiguo
442 1388 541 1431 tuo
583 1370 758 1430 nardi
805 1365 1038 1450 vasculo
1083 1369 1412 1447 rependere.
1462 1365 1596 1452 Age
1639 1386 1823 1450 ergo,

165 1457 227 1541 fi
266 1476 320 1519 te
362 1457 523 1544 istius
572 1455 800 1520 bonitas
840 1456 987 1517 meri
1032 1457 1244 1536 capit,
1278 1453 1504 1540 festina
1547 1477 1677 1519 cum
1715 1455 1831 1519 tuci

178 1545 293 1607 illd
337 1544 622 1631 symbols?
647 1593 670 1623 ,
727 1566 857 1608 cum
907 1562 1008 1607 tuo
1065 1545 1244 1606 nardi
1303 1546 1551 1630 onyche.
1615 1548 1829 1628 Neque

180 1636 336 1695 enim
373 1636 522 1697 mihi
565 1636 791 1697 animus
817 1635 902 1718 est
939 1635 1136 1694 vinum
1158 1632 1501 1719 generosum
1529 1631 1638 1698 tibi
1663 1633 1830 1695 nilzil

179 1726 264 1785 ad
305 1724 503 1805 epulas
546 1727 617 1786 de
667 1741 766 1785 tuo
832 1720 1226 1785 contribuenti
1275 1743 1568 1806 apponere
1612 1771 1635 1803 ,
1703 1744 1825 1807 quo

249 1919 329 1967 16.
380 1917 572 1970 Nardo.
605 1921 795 1969 Nardus
818 1919 884 1968 est
916 1920 1172 1969 arbuscula
1217 1921 1415 1968 odorata
1441 1954 1456 1979 ‚
1488 1920 1512 1967 ὲ
1535 1920 1673 1968 foliis
1698 1935 1821 1970 con·

176 1986 437 2034 ficiebatur
478 1986 577 2034 olei
612 2001 770 2050 genus
795 1986 1036 2046 quoddam
1080 1985 1136 2034 &
1162 1986 1410 2049 unguenti
1439 2021 1454 2046 ,
1488 2002 1586 2046 quo
1610 1988 1820 2047 perfun-

181 2053 364 2098 debant
409 2064 551 2112 caput
589 2051 864 2113 epulantes,
1432 2086 1437 2087 ν

246 2129 327 2176 17.
365 2112 536 2177 Onyx.
573 2120 715 2177 Lapis
746 2115 986 2177 pretiosus
1007 2151 1022 2176 ‚
1044 2114 1233 2179 unguis
1255 2114 1497 2175 humani,
1534 2117 1676 2178 cujus
1710 2130 1814 2163 no-

178 2195 296 2226 men
329 2181 475 2227 habet
500 2194 512 2223 z
535 2177 692 2240 (av-„155
724 2180 859 2228 enim
893 2181 1082 2228 Graecis
1116 2196 1334 2241 unguem
1358 2181 1598 2245 fignificat
1622 2215 1635 2240 ,
1665 2180 1692 2242 )
1717 2197 1816 2227 co·-

176 2244 338 2293 lorem
362 2245 604 2292 referens.
639 2253 707 2293 Ex
747 2261 805 2293 eo
847 2246 1095 2294 faciebant
1122 2245 1314 2293 vascula
1350 2246 1700 2309 unguentaria.
1737 2246 1815 2295 Est

178 2309 330 2358 etiam
364 2309 622 2373 conchylii
665 2309 780 2358 testa
811 2345 827 2369 ,
861 2327 915 2359 ut
955 2310 1021 2357 ait
1055 2309 1369 2358 Dioscorides
1391 2346 1407 2371 ‚
1451 2312 1562 2360 Lib.
1609 2317 1679 2360 11.

249 2373 332 2422 18.
366 2371 601 2435 Sulpiciis
655 2375 859 2426 horreis.
894 2375 1142 2436 Sulpicius
1187 2375 1407 2439 publicas
1454 2377 1709 2438 apothecas
1733 2377 1819 2425 in-

179 2452 357 2502 gentes
383 2440 587 2487 habebat
610 2446 802 2503 Romae,
826 2441 883 2488 in
904 2441 1081 2501 quibus
1111 2457 1299 2490 merces
1320 2439 1487 2489 omnis
1512 2443 1713 2506 generis
1738 2440 1810 2489 as-

177 2505 518 2553 servabantur.
1240 2514 1243 2517 ’

247 2567 492 2618 Accubat.
534 2568 794 2631 Quiescit‚
834 2569 1102 2619 acclinatus
1134 2570 1219 2620 est.

247 2648 330 2696 19.
367 2631 555 2698 largus
598 2639 791 2684 donare.
818 2642 983 2683 Graeco
1009 2651 1144 2684 more
1187 2637 1362 2687 dmum
1387 2672 1402 2698 ,
1429 2652 1484 2685 ut
1523 2639 1620 2687 alia
1648 2639 1697 2687 id
1722 2654 1812 2705 ge-

177 2712 278 2809 gus
312 2698 523 2809 pldurima
555 2717 568 2749 z
610 2715 697 2762 pro
736 2699 974 2765 largus&
1004 2701 1274 2750 munificus
1306 2703 1364 2749 ad
1403 2703 1716 2767 donandum,
1753 2721 1811 2754 m

212 2778 344 2810 onan
382 2780 432 2811 o.
660 2794 672 2800 -

242 2841 328 2891 23.
367 2827 648 2878 Immunem.
680 2829 821 2879 Nihil
874 2829 1101 2878 muneris
1134 2832 1330 2879 dantem
1353 2867 1369 2892 ‚
1404 2847 1546 2893 atque
1571 2869 1585 2893 ,
1632 2849 1686 2883 ut
1726 2836 1808 2883 lo·

172 2893 355 3004 qussur,
382 2895 682 2954 Terentius,
717 2895 1022 2959 asymbolum
1046 2931 1061 2957 ,
1102 2897 1150 2943 id
1185 2896 1280 2959 est,
1313 2898 1413 2946 fine
1457 2898 1707 2964 symbola,
1753 2901 1811 2951 δε

176 2973 243 3006 co
295 2961 409 3006 ecla.
1370 2978 1373 2981 ’

239 3037 327 3083 25.
377 3021 543 3072 Lucri.
588 3029 655 3072 Ea
703 3040 830 3085 vox,
883 3023 1057 3073 &alia
1100 3040 1268 3086 quarto
1299 3019 1412 3076 ant}
1451 3030 1686 3079 verficulo
1720 3048 1812 3093 po-

168 3086 295 3149 fita,
350 3107 496 3136 merce
532 3123 547 3148 ,
586 3088 811 3151 persuasu
837 3091 1101 3138 nonnullis
1133 3092 1488 3152 interpretibus
1522 3097 1652 3143 hunc
1673 3133 1686 3157 ‚
1745 3100 1805 3145 de

167 3167 270 3212 quo
310 3154 391 3200 hic
433 3154 633 3218 agitur,
674 3154 941 3218 Virgilium
978 3191 993 3216 ,
1035 3171 1139 3203 non
1172 3159 1263 3205 effi:
1294 3172 1453 3205 vatem
1501 3156 1650 3223 vulgb
1708 3179 1805 3207 no-

164 3231 280 3263 tum
304 3253 317 3275 ‚
361 3219 443 3266 sed
477 3221 859 3282 unguentarium
896 3221 1171 3282 quempiam
1202 3222 1417 3282 ejusdem
1449 3225 1669 3273 nominis
1696 3226 1808 3272 :sed

163 3294 432 3344 utramque
455 3299 631 3335 vocem
647 3285 705 3335 de
736 3287 878 3348 po'e'ta
901 3286 1116 3350 Virgilio
1151 3287 1249 3334 dici
1288 3303 1372 3347 per
1406 3289 1571 3347 jocum
1600 3292 1659 3336 ab
1697 3295 1807 3336 Ho-

1385 3352 1450 3418 K
