2269 3773
460 140 634 227 Lib.
694 138 813 228 II.
871 139 1223 253 Epistola
1279 138 1351 223 I.
1548 166 1712 255 493

92 277 345 340 diantur
378 295 397 341 .·
423 297 627 363 egenos
671 297 845 363 atque
879 272 1133 363 oegrotos
1171 276 1508 361 consolatur
1542 275 1598 341 G·
1626 301 1724 341 re·-

90 385 278 448 creat.
321 367 626 432 Undenam
658 371 831 447 pueri
866 364 1162 452 integri&
1194 368 1416 451 puelloe
1458 370 1723 450 innuptae

84 474 300 537 preces
326 474 498 540 atque
547 456 801 541 hymnos
848 456 1125 519 haberent
1148 505 1170 536 ,
1197 478 1338 542 quos
1376 460 1729 518 mandarent

95 545 407 605 memorioe
454 546 517 605 in
544 546 818 605 Deorum
868 542 1147 607 honorem
1196 547 1562 623 recitandos,
1618 543 1730 630 ntfi

77 627 346 716 fuiffent
381 632 629 717 instituti
674 630 713 694 ὰ
751 633 938 715 Musis
973 638 1209 715 poe‘toe,
1255 638 1357 719 qui
1405 631 1527 719 ejus
1565 634 1728 695 modi

94 721 366 781 carmina
398 739 804 801 componerent
828 715 864 783 ,Ρ
895 724 1157 805 Hymnis
1207 740 1401 784 autem
1440 722 1562 785 illis
1588 722 1730 783 cho-

93 827 192 869 rus
251 827 571 890 puerorum
617 830 686 870 ac
750 809 1037 894 virginum
1095 811 1380 893 implorat
1434 808 1729 894 Superum

96 915 310 976 opem,
355 916 426 958 ac
453 917 568 979 pro
611 918 679 960 ea
702 899 1021 978 impetrata
1065 899 1239 961 laetus
1278 901 1506 984 gratias
1554 902 1678 983 agit
1704 916 1728 962 .·
1819 944 1827 952 -

93 981 342 1045 imbrem
376 982 652 1070 frugibus
673 983 982 1069 siticulofis
1016 986 1257 1068 poscit,
1287 991 1436 1049 iram
1459 980 1733 1051 Deorum

97 1070 271 1133 molli
301 1075 650 1154 precatione
693 1075 931 1157 mitigat
953 1121 978 1153 ,
1028 1072 1272 1156 depellit
1307 1074 1533 1137 morbos
1556 1124 1574 1155 ‚
1604 1078 1730 1139 im·

96 1162 388 1224 minentia
419 1160 690 1243 pericula
721 1159 1034 1243 propulsat
1044 1185 1069 1240 ,-
1107 1182 1359 1244 pacem,
1400 1162 1643 1247 frugum
1671 1160 1732 1226 δ’

98 1269 358 1311 annona·
392 1250 709 1311 ubertatem
733 1243 971 1311 obtinet.
998 1252 1273 1334 Denique
1295 1256 1557 1313 carmina
1580 1253 1735 1314 iram

97 1339 370 1399 Deorum
399 1333 747 1421 superorum
770 1341 1005 1420 pariter
1037 1335 1095 1400 δ’
1119 1336 1446 1420 inferorum
1482 1340 1729 1405 leniunt.

98 1422 364 1510 Antiqui
425 1424 707 1512 agricolae
748 1427 862 1488 viri
910 1422 1078 1511 long>
1124 1430 1382 1508 optimi,
1438 1424 1496 1490 δ’
1549 1430 1611 1491 in
1669 1449 1733 1491 rc

101 1516 345 1599 angusta
375 1511 726 1596 fortunati,
766 1509 898 1577 citm
927 1517 1065 1601 post
1097 1512 1330 1602 meſjem
1353 1563 1376 1597 ‚
1425 1520 1623 1580 tritico
1664 1519 1735 1580 in

101 1601 330 1671 horreis
392 1604 702 1690 composito
729 1646 746 1674 ‚
804 1624 1009 1686 corpus
1052 1601 1109 1666 δ’
1151 1608 1407 1669 animum
1459 1605 1731 1691 gravibus

102 1688 397 1754 laboribus
431 1694 745 1756 exercitum
769 1739 788 1772 ,
833 1690 1221 1778 defatigatum
1237 1741 1261 1774 ,
1297 1690 1606 1776 &sperato
1632 1694 1732 1756 la.-

102 1773 261 1843 boris
302 1782 436 1865 fine
481 1779 552 1864 se
587 1779 981 1864 consolantem
1029 1781 1227 1845 diebus
1257 1779 1431 1866 festis
1488 1804 1728 1848 recrea·-

105 1885 236 1930 rent
259 1869 303 1950 ,'
326 1865 445 1932 una
491 1892 619 1934 cum
650 1869 952 1951 sodalibus
981 1871 1241 1954 rusticis,
1270 1871 1466 1934 liberis
1508 1869 1565 1935 G*
1588 1894 1732 1935 uxo-

106 1955 262 2018 ribus
291 1979 314 2035 ‚·
365 1976 504 2018 tunc
551 1957 844 2021 Tellurem
884 1956 1194 2020 immolata
1221 1955 1329 2038 sue
1348 2004 1367 2037 ,
1403 1960 1733 2045 Sylvanum

87 2041 236 2124 suso
267 2040 412 2107 lac-‘le
444 2043 686 2125 placare
725 2065 794 2108 ac
828 2047 1169 2128 propitiare,
1205 2044 1565 2112 laborabant.
1610 2050 1733 2112 Ge-

104 2133 267 2193 nium
314 2127 450 2194 νενὸ
492 2132 766 2195 humanae
801 2134 945 2211 vitae
970 2180 994 2214 ,
1037 2133 1148 2194 lieu
1180 2132 1520 2214 perbrevis!
1559 2156 1733 2218 prae-

95 2211 323 2304 fidem',
354 2217 575 2306 sparsis
613 2218 864 2303 floribus
905 2216 962 2282 ἃ
1002 2241 1162 2301 mero
1192 2221 1601 2288 conciliabant.
1627 2225 1737 2287 Ex

110 2329 179 2370 ea
214 2310 558 2394 rusticorum
602 2305 1013 2389 consuetudine
1054 2328 1187 2370 orta
1211 2313 1291 2397 est
1331 2311 1568 2375 libertas
1596 2306 1739 2393 jac-

112 2400 279 2460 tandi
308 2419 425 2481 per
456 2397 652 2459 ludum
672 2446 695 2477 ,
723 2395 947 2459 alterno
985 2399 1246 2459 carmine
1264 2448 1288 2479 ,
1331 2401 1595 2462 convicia
1618 2396 1742 2482 rus-

116 2488 354 2568 ticana‚·
405 2489 506 2571 qui
544 2506 667 2547 mos
710 2484 979 2566 primiani
1024 2486 1211 2572 viguit
1267 2489 1429 2569 apud
1475 2485 1736 2572 Fescen-

114 2578 272 2637 niam
298 2623 318 2654 ,
370 2594 442 2636 ac
473 2574 650 2660 statis
678 2572 874 2636 diebus
901 2576 1217 2659 quotannis
1266 2577 1577 2657 repetitus,
1607 2593 1740 2640 tan-

115 2664 216 2723 diu
245 2662 479 2745 placuit
504 2709 521 2742 ,
558 2663 813 2747 quandiu
854 2684 940 2726 res
966 2660 1090 2725 aila
1127 2666 1239 2750 est,
1272 2663 1396 2745 sine
1423 2663 1741 2750 offensione

117 2746 452 2834 cujusquam
479 2798 499 2829 ‚
539 2752 786 2814 comiter
808 2747 865 2813 ἃ
891 2748 1091 2835 Ῑαεετὲ
1109 2775 1134 2832 ,·
1168 2751 1282 2835 sed
1296 2755 1603 2837 postquam
1627 2775 1738 2816 cot-

100 2857 326 2920 ·perunt
378 2841 639 2903 homines
668 2839 737 2902 ab
771 2841 894 2925 istis
929 2836 1091 2924 jocis
1119 2836 1178 2901 δ’
1208 2839 1455 2922 facetiis
1490 2844 1572 2901 ad
1606 2843 1741 2901 dira

97 2922 179 2987 ’δ’
223 2929 505 2990 immania
553 2930 813 2990 convicia
853 2947 1234 3009 prorumpere
1259 2971 1277 2999 ,
1328 2945 1499 3013 atque
1548 2929 1741 2990 atroci

103 3013 281 3096 «versu
326 3016 724 3101 honestiffimis
767 3010 1075 3103 quibusque
1124 3013 1387 3097 familiis
1434 3015 1622 3077 labem
1678 3012 1743 3077 ΕΙ

121 3102 501 3186 ignominiam
545 3106 819 3168 inurere:
861 3123 1040 3183 tunc,
1093 3107 1195 3189 qui
1230 3104 1529 3166 maledicis
1572 3099 1740 3187 ejus-

121 3194 280 3257 modi
322 3193 674 3273 carminibus
710 3192 886 3278 fuere
910 3193 1198 3284 lacerati,
1226 3213 1345 3258 rem
1388 3192 1740 3279 iniquiffimo
