2269 3773
523 200 673 285 Lib
731 202 859 288 II.
919 203 1189 288 Satira
1246 206 1411 294 III.
1523 151 1544 158 N
1598 233 1759 322 413

149 333 271 401 bide·
306 338 485 399 maris
523 341 880 425 tempestates
904 386 921 417 ,
963 345 1139 404 certis
1188 340 1406 425 legibus
1444 340 1766 426 gahernare

145 428 364 509 cogitet
385 473 407 504 ‚
432 427 608 489 nihilo
625 427 761 511 plus
774 427 1089 511 proficiat,
1117 426 1291 510 qudm
1309 430 1366 513 fi
1385 451 1512 491 cum
1537 431 1763 490 ratione

131 512 350 598 stultus
383 510 495 596 eff'e
537 511 697 577 velit.
759 515 890 599 Age
918 562 939 593 ,
989 537 1066 577 an
1123 520 1336 578 mentis
1375 537 1431 577 es
1490 535 1725 595 compos
1748 559 1768 593 ,

130 596 287 663 ,cum
309 598 561 662 detraHa
602 598 631 662 ὲ
663 599 1107 682 pomissemina
1123 601 1413 686 jacularis
1437 651 1458 683 ‚
1507 602 1564 665 t}
1579 602 1770 684 felix,

134 687 626 773 fbrtunatumque
637 710 815 771 putas
839 710 1030 769 omen,
1046 690 1104 774 fi
1119 691 1370 753 cubiculi
1390 691 1633 774 laquear
1652 688 1773 749 illis

132 774 331 857 ferire
356 779 604 860 potuisti
633 775 671 840 ,Ρ
715 800 790 840 an
835 782 1031 841 minor
1075 782 1158 864 est
1197 799 1300 841 tua
1325 827 1348 860 ,
1394 775 1567 862 quam
1595 780 1772 859 pueri

147 861 407 943 cafitlam
448 860 476 924 ὲ
522 867 644 927 luto
679 868 924 950 figentis
950 913 970 943 ,
1028 867 1259 947 insania
1297 914 1319 944 ,
1384 862 1516 927 cum
1547 912 1567 943 ‚
1631 862 1771 926 licbt

134 946 272 1035 jam
299 950 546 1033 senior,
597 951 946 1014 balbutiente
981 952 1214 1038 Iingnd,
1246 951 1303 1015 ἃ
1328 953 1576 1015 tremula*
1598 973 1758 1029 voce,

150 1037 436 1100 blandiris
463 1038 732 1118 mulieri,
779 1037 836 1101 δ’
858 1042 1116 1122 gratiam
1143 1037 1266 1124 ejus
1308 1061 1510 1124 captas
1537 1036 1572 1102 ?
1596 1039 1774 1102 Adde

149 1122 293 1189 lz'aic
337 1126 648 1187 dementia?
707 1127 1113 1187 crudelitatem
1162 1175 1185 1208 ,
1261 1125 1319 1189 θ’
1374 1128 1572 1211 gladio
1621 1174 1643 1205 ‚
1705 1143 1776 1187 ut

151 1215 371 1292 aiunt,
422 1214 619 1297 ignem
657 1208 825 1290 fode.
882 1215 1120 1276 Marius
1154 1216 1293 1299 post
1334 1216 1642 1278 Helladem
1662 1216 1770 1276 in·-

158 1297 458 1381 terfeclam
482 1344 501 1377 ‚
550 1294 579 1359 ὶ
614 1298 768 1379 saxo
786 1302 1158 1381 proecipitem
1172 1300 1244 1383 se
1284 1303 1402 1386 ipse
1426 1303 1601 1363 dedit.
1651 1304 1775 1365 Hic

149 1408 353 1450 annon
391 1384 621 1466 insanus
652 1384 887 1467 fuerit,
926 1408 1129 1472 qua’ro
1174 1408 1193 1450 .·
1239 1411 1314 1451 an
1349 1385 1483 1454 verb
1511 1384 1776 1469 insanum

149 1472 395 1560 negabis
417 1519 439 1551 ‚
466 1471 583 1555 sed
629 1476 938 1536 dumtaxat
971 1472 1320 1557 sceleratum
1362 1477 1526 1541 illum
1550 1477 1704 1537 dices
1733 1470 1771 1537 ?

150 1583 268 1649 quo
315 1580 475 1624 more
516 1580 667 1623 nunc
691 1563 949 1624 homines
989 1563 1098 1647 ista
1129 1565 1488 1648 distinguunt
1513 1611 1531 1642 ‚
1573 1584 1645 1625 ac
1680 1564 1777 1623 di-

149 1648 322 1730 versis
366 1647 659 1710 vocabulis
682 1654 990 1722 nominant
1009 1673 1034 1728 ‚·
1080 1654 1341 1735 quamvis
1389 1653 1629 1715 nomina
1671 1653 1774 1712 ιἰν

134 1734 282 1821 sani
327 1732 382 1797 ἃ
405 1734 685 1817 ftelerati
709 1737 831 1821 sint
873 1756 1124 1820 cognata
1147 1785 1169 1817 ‚
1224 1735 1479 1802 &unum
1508 1741 1773 1822 idemque

134 1823 492 1912 figitificent.
547 1827 800 1906 Quidam
853 1824 1190 1889 Libertinus
1241 1823 1427 1907 senex
1456 1873 1474 1906 ‚
1523 1825 1774 1912 singulis

154 1912 353 1975 diebus
369 1957 390 1989 ‚
410 1909 612 1994 primd
632 1915 759 1976 luce
781 1961 801 1993 ,
831 1913 1029 1975 obibat
1052 1912 1210 1976 urbis
1236 1916 1494 1995 compita
1502 1911 1769 1996 jejunus,

151 1999 416 2064 manibus
458 2002 613 2085 aqua'
645 2002 958 2086 diligenter
980 1999 1192 2063 ablutis
1214 2046 1236 2079 ,
1272 1997 1329 2061 δ’
1369 2002 1521 2062 lzunc
1555 2002 1615 2061 in
1649 2021 1779 2060 mo·-

148 2092 294 2152 dam
343 2089 508 2151 Deos
560 2090 932 2171 precabatur.
986 2091 1042 2150 Ο
1087 2085 1344 2170 superi,
1399 2109 1489 2148 me
1530 2107 1703 2149 unum
1735 2137 1755 2165 ,

154 2179 279 2240 leve
328 2176 409 2258 est
443 2179 600 2262 quod
622 2199 725 2239 oro
752 2223 770 2258 ,
812 2197 902 2238 me
915 2173 1109 2256 solum
1136 2223 1158 2254 ‚
1202 2178 1437 2259 inquam
1460 2222 1479 2254 ,
1505 2170 1563 2249 ,ἃ
1589 2195 1777 2239 morte

163 2263 457 2327 vindicate
502 2283 522 2326 .·
567 2266 677 2326 lzoc
729 2266 883 2325 enim
921 2266 1163 2346 Superis
1230 2262 1464 2347 difficile
1508 2284 1627 2324 non
1675 2266 1773 2348 est.

155 2354 321 2416 Erat
361 2349 460 2410 ille
493 2350 677 2432 senex
719 2351 950 2413 auribus
999 2349 1057 2413 δ’
1099 2349 1285 2412 oculis
1310 2348 1495 2431 sanus
1520 2397 1540 2427 ,
1585 2355 1777 2432 capite

161 2437 224 2501 ὃ*
272 2455 461 2499 mente
504 2460 619 2501 non
669 2442 858 2519 item,·
905 2439 1045 2522 acfi
1072 2441 1340 2501 dominus
1367 2457 1493 2499 eum
1517 2437 1775 2513 venalem

140 2521 543 2609 propofitiffiet
564 2574 586 2605 ‚
627 2528 825 2610 utique
847 2574 870 2606 ,
913 2527 1022 2611 nisi
1060 2526 1196 2588 lites
1240 2544 1464 2587 amaret
1488 2571 1509 2604 ,
1559 2527 1771 2587 admo-

155 2632 294 2676 nere
353 2631 629 2675 emtorem
692 2612 973 2699 debuiffet
994 2662 1016 2693 ‚
1059 2615 1230 2675 illum
1277 2631 1467 2677 cetero
1532 2634 1775 2696 corpore

142 2718 552 2783 praeterquam
587 2701 819 2763 cerebro
848 2748 870 2781 ,
930 2703 1145 2765 valere.
1196 2700 1513 2785 Ejusmodi
1547 2699 1775 2784 super-4

128 2784 515 2875 stitiosbrum
545 2785 601 2850 δ’
635 2787 812 2869 fizlsd
859 2789 1150 2874 religione
1193 2789 1519 2870 delufhrum
1545 2790 1774 2850 turbam

158 2874 475 2960 Chrysippi
497 2875 712 2957 schola
751 2882 814 2941 in
857 2877 1054 2959 ampla
1097 2879 1514 2940 Meneniorum
1528 2874 1779 2956 familia

221 3051 383 3114 Quum
412 3057 644 3100 venderet.
685 3052 832 3111 Atqui
855 3050 1056 3109 liberti,
1074 3049 1173 3097 five
1199 3049 1459 3109 libertini,
1487 3049 1635 3096 vendi
1667 3063 1771 3096 non

153 3129 384 3178 poterant
406 3151 420 3175 ,
468 3129 636 3176 utpote
677 3115 842 3163 donati
877 3116 1102 3163 libertate
1126 3115 1457 3162 &Dicendum
1501 3115 1625 3160 hanc
1661 3119 1789 3160 Ho-·

149 3180 266 3227 tatii
296 3194 510 3227 mentem
530 3181 652 3242 esse3
678 3181 710 3226 fi
743 3196 844 3239 quo·
870 3180 976 3228 casu
1000 3178 1226 3226 eveniret
1249 3193 1303 3226 ut
1330 3178 1417 3225 ille
1443 3178 1734 3241 veqdcretur
1757 3177 1788 3222 ε4

153 3246 292 3292 verbi
324 3245 502 3308 gratia,
526 3246 559 3291 fi
595 3262 651 3293 cx
677 3245 856 3293 liberto
877 3244 1045 3293 servus
1080 3243 1263 3290 iterum
1308 3241 1455 3287 fastus
1481 3239 1607 3287 foret
1627 3274 1640 3300 ,
1671 3238 1774 3288 &c-

1257 3305 1299 3369 s
1347 3304 1412 3388 iij
