2269 3773
547 178 724 261 Lib.
786 178 855 261 Ῑ.
918 179 1184 263 Satira
1254 178 1409 264 VJ.
1639 211 1803 298 327

184 330 364 397 neque
415 312 611 396 potest
650 307 921 391 fortunae
971 309 1291 395 ascribere,
1345 316 1504 397 quod
1555 322 1806 378 amicum

134 465 141 476 ,
180 420 249 468 te
268 397 461 463 nai-lus
476 396 725 479 fuerim.
751 401 895 462 Non
924 398 1032 462 lzoc
1068 396 1293 482 fac'lum
1323 401 1461 485 casu
1491 400 1546 463 ἃ
1571 402 1804 465 temer).

189 489 480 574 Virgilius
518 534 540 567 ,
601 508 671 549 ac
710 484 963 568 subinde
1020 488 1238 553 Varius
1261 538 1280 571 ,
1329 512 1634 554 narravere
1701 490 1810 554 tibi

177 580 329 661 quid
367 567 622 639 lzomi'nis
659 571 850 661 effizm.
894 574 1013 639 Ubi
1038 575 1305 661 primum
1338 580 1401 640 in
1451 577 1807 661 conspec'lum

176 683 341 728 tuum
366 666 498 727 veni
516 711 538 742 ,
578 660 822 745 exposui
836 669 1047 746 'paucis
1070 663 1276 730 timidi
1303 715 1321 747 ,
1352 664 1407 728 f?
1434 666 1768 731 cunc‘lanter
1781 716 1804 747 ‚

166 756 401 835 pudore
451 754 727 815 nimirum
759 772 957 816 vocem
1007 754 1344 833 cohibente,
1388 777 1459 818 ne
1493 757 1669 839 plura
1699 760 1803 817 di-

177 861 371 903 cerem
411 842 564 925 'quis
632 836 850 925 eſj'em;
899 863 1003 905 nec
1050 844 1202 907 milti
1250 851 1486 924 patrem
1554 843 1807 907 nobilem

176 931 316 996 dixi
340 978 361 1008 ,
391 948 495 992 aut
521 929 777 1012 opimam
801 929 1182 992 hereditatem
1211 927 1267 993 δ’
1291 932 1554 1016 ingentia
1568 937 1811 1014 praedia

176 1013 474 1102 obtignste,
501 1017 921 1101 quaegenerofl)
948 1015 1130 1080 vecius
1154 1037 1299 1104 equo
1313 1019 1802 1100 perambularem.

179 1107 416 1169 Paucis
456 1124 572 1186 pro
620 1123 720 1166 tuo
767 1127 968 1185 more,
1023 1107 1174 1167 mihi
1233 1107 1577 1192 respondisti
1625 1108 1807 1192 :dif-

175 1193 317 1279 ceffi
338 1216 363 1273 ‚·
407 1212 498 1255 me
530 1193 667 1277 post
690 1213 903 1271 ⁴novem
950 1192 1178 1256 exac'los
1222 1190 1441 1275 menses
1492 1197 1678 1257 redire
1728 1202 1812 1261 ad

179 1298 241 1343 τε
267 1326 285 1361 ,
329 1301 398 1343 ac
435 1299 567 1343 tuos
616 1283 774 1343 inter
805 1284 1026 1343 amicos
1075 1284 1371 1343 numerari
1390 1278 1622 1367 juffisti.
1668 1286 1808 1370 Ego

177 1365 317 1432 vero
348 1373 706 1451 praeclarum
754 1370 865 1432 lzoc
896 1371 1045 1431 milii
1093 1364 1153 1431 δ’
1195 1370 1257 1429 in
1299 1368 1470 1430 laude
1512 1391 1631 1432 non
1670 1372 1804 1433 vul.

171 1460 327 1544 gari
344 1457 679 1537 ponendum
718 1475 867 1539 puto
891 1504 913 1535 ,
967 1458 1127 1541 quod
1148 1477 1238 1517 me
1272 1456 1381 1519 tibi
1412 1478 1530 1520 non
1567 1459 1810 1523 claritas

166 1546 444 1627 parentis
501 1546 616 1606 mei
657 1542 715 1607 δ’
776 1548 1006 1631 generis
1037 1592 1060 1625 ,
1105 1542 1220 1627 sed
1279 1547 1422 1608 vitae
1470 1567 1807 1633 morumque

177 1635 494 1716 integritas
551 1629 1002 1712 conciliaverit,
1057 1632 1217 1712 tibi,
1268 1636 1506 1718 inquam
1534 1681 1556 1712 ‚
1612 1656 1803 1698 rerum

179 1721 531 1806 aestimatori
548 1721 828 1802 prudenti
819 1719 991 1805 ffimo
1005 1719 1033 1799 '‚
1062 1722 1164 1805 qui
1172 1721 1442 1804 strenuos
1471 1717 1529 1783 δ’
1555 1725 1761 1810 dignos
1778 1772 1802 1806 ,

176 1808 256 1873 ab
301 1809 557 1894 indignis
606 1805 664 1871 δ’
715 1808 994 1890 improbis
1035 1810 1185 1895 nosti
1211 1831 1214 1834 ’
1238 1810 1603 1898 distinguere.
1660 1814 1804 1876 Cae-

179 1892 375 1962 terum
391 1897 447 1982 fi
481 1892 710 1982 generis
732 1892 1108 1981 splendorem
1158 1896 1380 1958 nullum
1421 1903 1486 1961 in
1529 1919 1620 1960 me
1668 1921 1809 1963 con·

177 1985 328 2050 tulit
336 2004 517 2066 pater
537 2033 559 2066 ,
596 1983 749 2048 illud
780 1982 934 2050 cert>
981 1985 1088 2068 ipsi
1107 1992 1406 2065 acceptum
1432 1984 1571 2068 fiero
1602 2033 1618 2063 ,
1648 1985 1813 2071 quod

168 2077 390 2158 paucis
436 2093 506 2134 ac
553 2075 799 2136 modicis
862 2073 1066 2135 laboro
1125 2073 1287 2134 vitiis
1319 2121 1341 2152 ,
1414 2073 1806 2157 quae·bonam

180 2163 546 2246 caeteroquin
592 2162 846 2224 indolem
874 2209 895 2241 ,
937 2178 1004 2223 ut
1047 2158 1346 2222 liberalem
1385 2162 1605 2222 vultum
1653 2167 1807 2228 nari

180 2250 430 2314 leviores
449 2299 472 2331 ,
495 2246 812 2331 infuscant.
840 2252 914 2314 Si
936 2270 1104 2312 nemo
1148 2249 1298 2310 mihi
1323 2245 1451 2310 reri
1475 2251 1673 2334 potest
1692 2270 1808 2310 ex·-

170 2337 466 2421 probrare
506 2338 860 2421 avaritiam,
886 2355 989 2400 aut
1016 2335 1325 2421 sordidam
1338 2338 1805 2422 parsimoniamg
1879 2340 1884 2344 ’

182 2446 356 2490 nemo
373 2446 697 2513 ganearum
717 2424 1064 2508 faeditatem
1085 2473 1108 2505 ,
1140 2422 1197 2488 δ’
1228 2424 1660 2508 obscoenitatem
1683 2448 1811 2488 mo-

188 2535 320 2578 rum
347 2561 365 2596 ,
415 2517 576 2601 quod
608 2515 758 2577 milti
807 2518 877 2576 de
903 2536 995 2577 me
1032 2517 1367 2597 proedicare
1399 2535 1551 2596 pace
1591 2518 1699 2576 tua‘
1718 2515 1809 2578 li·-

183 2614 355 2685 ceat,
386 2604 444 2689 fi
463 2601 500 2665 ὰ
521 2601 885 2690 gravioribus
898 2602 1036 2688 sitm
1069 2605 1241 2666 noxis
1256 2623 1444 2685 purus
1463 2652 1484 2683 ,
1518 2603 1578 2688 fi
1601 2605 1809 2667 amicis

183 2713 312 2757 non
348 2689 730 2776 injucundus,
775 2692 905 2755 hoec
927 2692 1158 2763 omnia,
1201 2695 1479 2771 inquam,
1503 2695 1672 2772 patri
1708 2696 1812 2756 de·

186 2779 335 2851 beo,-
381 2783 480 2865 qui
521 2777 662 2842 licit
708 2781 950 2867 angusti
990 2800 1049 2840 re
1084 2781 1391 2862 familiari
1413 2799 1709 2856 uteretur,
1738 2803 1809 2848 ac

186 2871 256 2939 in
283 2871 483 2942 tenui,
507 2870 658 2930 unde
673 2864 903 2948 fruiius
925 2888 1147 2931 annuos
1170 2868 1506 2956 colligebat,
1532 2869 1674 2932 villa
1706 2877 1810 2935 de-

179 2976 352 3044 geret
370 3000 387 3029 ‚
429 2957 620 3020 noluit
642 2977 835 3020 tamen
872 2976 940 3020 ut
976 2954 1207 3020 litteras
1232 2961 1471 3020 docerer
1497 2955 1760 3046 Venufiae
1785 3002 1803 3034 ‚

185 3066 372 3129 neque
403 3066 492 3108 me
545 3047 797 3109 tradidit
835 3047 899 3109 in
945 3045 1315 3131 disciplinam
1356 3048 1557 3112 Flavii
1581 3095 1602 3125 ‚
1642 3047 1807 3132 cujus

77 3210 87 3221 .
170 3128 447 3216 filiolam
488 3135 867 3198 nihilominus
881 3139 1053 3217 pueri
1074 3136 1294 3200 nobiles
1316 3183 1339 3216 ‚
1368 3135 1805 3221 clartffimorum

187 3224 593 3288 centurionum
625 3222 788 3307 filii,
825 3222 1287 3312 frequentabant
1310 3268 1326 3299 ,
1361 3226 1647 3311 gestantes
1698 3225 1803 3306 ip·-
