2269 3773
441 228 611 321 334
753 238 768 248 “
850 194 1167 281 Horatii
1221 193 1661 278 Satirarum

531 328 676 386 Vilis
754 347 875 385 cum
912 346 1092 408 patera
1129 344 1345 398 guttus,
1387 324 1667 396 Campana
1702 324 1963 408 supellex.

531 372 744 460 Deincie
765 420 830 456 eo
849 398 1144 455 dormitum
1162 443 1177 469 ,
1204 420 1311 455 non
1333 397 1587 454 sollicitus
1601 440 1617 467 ,
1642 397 1776 453 mlhl
1799 400 1943 470 quod
1963 419 2088 458 cras

437 471 917 546 120.Surgendum
975 469 1038 527 fit
1076 469 1269 541 mane,
1308 470 1587 527 obeundus
1611 469 1866 542 Marsya,
1910 472 2085 542 quise

533 546 771 603 Vultum
800 545 938 599 ferre
973 559 1141 612 negat
1180 540 1487 598 Noviorum
1528 539 1674 610 poffe
1714 541 1959 601 minoris,

531 617 625 676 Ad
653 634 898 687 quartam
919 614 1068 682 jaceo
1087 659 1102 686 ,
1131 616 1250 684 post
1272 609 1409 669 hanc
1426 632 1599 684 vagor
1613 657 1630 684 ,
1654 629 1747 668 aut
1766 633 1874 685 ego
1898 615 2077 688 Ιεᾶο,

529 691 648 747 Aut
670 687 865 757 scripto
898 683 1043 756 quod
1078 705 1167 741 me
1196 686 1420 743 tacitum
1449 686 1615 753 juvet.
1663 685 1864 756 Ungor
1892 686 2045 745 olivo
2056 729 2081 759 ,

529 758 659 817 Non
695 779 805 830 quo
834 755 1091 818 fraudatis
1123 755 1434 814 immundus
1463 754 1634 812 Natta
1679 755 1927 819 lucernis,

435 832 680 905 125.Ast
719 830 808 886 ubi
839 849 927 886 me
957 826 1148 885 fessum
1172 826 1249 885 sol
1289 828 1459 885 acrior
1498 828 1573 884 ire
1606 829 1850 884 lavatum

529 900 868 970 Admonuit,
908 898 1067 971 fugio
1097 898 1287 957 rabiosi
1324 919 1571 968 tempora
1612 897 1768 968 (igni.

431 997 451 1011 ‘
527 971 753 1032 Pransus
789 994 898 1029 non
934 971 1126 1043 avide,
1174 990 1434 1042 quantum
1472 970 1772 1039 interpellet
1810 969 1953 1026 inani

525 1045 735 1102 Ventre
778 1043 923 1101 diem
960 1041 1169 1114 durare,
1213 1042 1530 1101 domesticus
1568 1041 1729 1100 otior.
1752 1043 1883 1098 Haec
1921 1043 1999 1100 est

524 1115 656 1174 Vita
691 1116 988 1174 solutorum
1026 1115 1218 1173 misera
1257 1114 1547 1171 ambitione
1568 1158 1585 1185 ,
1616 1113 1914 1186 gravique.-

431 1210 554 1266 130.
569 1189 668 1246 His
708 1208 797 1245 me
836 1186 1113 1256 consolor,
1152 1186 1389 1244 vidturus
1424 1184 1670 1256 suavius,
1707 1184 1774 1242 ‘ac
1809 1184 1847 1242 fi

523 1261 775 1339 Quaestor
792 1279 952 1390 εἷος,
986 1276 1139 1332 pater
1168 1276 1329 1330 atque
1349 1278 1539 1331 meus,
1572 1259 1899 1330 patruusque
1928 1255 2075 1317 fuis·

855 1347 962 1391 ent·

426 1474 2065 1507 W*-

497 1579 608 1630 118.
635 1577 837 1629 Pater-a.
875 1581 942 1628 Ea
976 1580 1197 1629 libabant
1230 1582 1342 1629 Diis
1375 1579 1431 1629 in
1468 1582 1665 1642 mensa,
1702 1578 1755 1629 id
1779 1579 1849 1628 est
1882 1579 2066 1629 vinum

427 1644 483 1693 in
537 1645 751 1693 mensam
793 1646 973 1694 leviter
1020 1647 1346 1711 invergebant
1371 1682 1388 1710 ,
1434 1645 1642 1695 honoris
1690 1644 1747 1696 8(
1791 1645 2071 1710 religionis

425 1726 479 1759 er
517 1726 564 1757 ο.

481 1725 762 1835 gcampana.
807 1773 1017 1822 Fistixis.
1052 1775 1320 1838 Campania
1354 1811 1370 1838 ,
1397 1791 1505 1839 pars
1540 1775 1699 1824 Italiae
1721 1811 1737 1838 ,
1771 1776 1829 1824 in
1870 1792 1964 1838 qua
1997 1779 2065 1825 ob

426 1837 620 1905 argillae
658 1838 926 1886 bonitatem
964 1838 1019 1889 &
1056 1841 1247 1904 copiam
1274 1878 1289 1903 ‚
1318 1843 1424 1890 vasa
1466 1841 1677 1904 plurima
1722 1843 2064 1906 fingebantur.

495 1918 606 1954 120.
641 1902 872 1968 Marsya.
907 1906 1073 1970 Phryx
1112 1907 1307 1966 quidam
1331 1907 1521 1957 tibicen
1545 1943 1559 1966 ,
1591 1906 1646 1956 &
1669 1907 1884 1969 Satirus,
1900 1922 1957 1956 ut
1977 1907 2064 1957 fa-

429 1970 562 2019 bulis
602 1970 848 2033 proditum
889 1969 985 2032 est,
1019 1968 1104 2031 qui
1147 1969 1257 2018 cum
1300 1973 1446 2021 ausus
1481 1973 1596 2021 effer
1620 1972 1913 2034 Apollinem
1937 1989 2061 2035 pro-

425 2051 601 2084 vocare
624 2071 640 2096 ,
671 2038 728 2083 ab
754 2051 813 2085 eo
846 2035 1032 2095 vietus,
1072 2034 1130 2084 Sc
1165 2035 1298 2097 pelle
1333 2038 1544 2086 nudatus
1579 2036 1703 2103 fuit2
1738 2037 1900 2098 Hujus
1922 2045 2062 2086 Mar-

421 2101 523 2163 syae
577 2099 723 2148 statua
767 2100 1007 2149 visebatur
1043 2100 1098 2147 in
1140 2114 1198 2148 ea
1232 2099 1332 2149 fori
1380 2116 1514 2163 parre
1553 2117 1660 2162 quae
1699 2101 1869 2150 Rostra
1894 2104 2060 2151 attin-

425 2169 605 2239 gebat,
646 2165 732 2213 ubi
776 2165 1014 2214 constitui
1049 2165 1333 2213 vadimonia
1378 2165 1433 2215 &
1482 2167 1598 2215 lites
1632 2166 1807 2230 agitari
1848 2166 2055 2230 solitae;

425 2230 613 2279 idcirco
655 2229 726 2279 ibi
773 2231 951 2294 posita,
990 2243 1046 2279 ut
1086 2230 1195 2294 ejus
1240 2229 1504 2294 aspestu'&
1530 2232 1810 2296 supplifio,
1836 2230 2057 2294 improbi

423 2310 566 2355 atque
602 2295 772 2358 injusti
819 2295 1136 2361 litigatores,
1179 2296 1262 2358 qui
1317 2297 1441 2344 alios
1477 2297 1662 2358 injuria
1712 2312 1949 2345 vocarent
1997 2299 2058 2349 in

421 2358 503 2423 ius
523 2397 537 2422 ,
583 2361 968 2416 deterrerentur.
997 2362 1129 2410 Hinc
1163 2376 1348 2409 nomen
1398 2361 1485 2423 ipfi
1516 2363 1630 2410 loco
1660 2361 1857 2411 fastum.

494 2438 605 2473 121.
642 2424 934 2474 Noviorum.
979 2432 1201 2475 Fratrum
1221 2426 1448 2489 scilicet,
1484 2443 1690 2488 quorum
1725 2428 1923 2490 minor,
1972 2430 2054 2490 ju-

418 2488 511 2536 dex
550 2495 692 2553 erat,'
714 2506 797 2540 aut
825 2492 1095 2546 foenerator
1126 2491 1457 2553 nequiffimuS.
1800 2551 1809 2554 Ἴ

492 2569 603 2605 122.
646 2556 905 2620 Quartam.
942 2558 1191 2606 Nimirum
1228 2561 1285 2604 ab
1311 2571 1420 2603 orto
1444 2557 1556 2606 Sole
1581 2592 1600 2620 ,
1631 2557 1683 2606 id
1722 2557 1823 2619 est,
1873 2561 2046 2607 horam

422 2617 662 2668 decimam
686 2624 978 2671 matutinam
1004 2656 1018 2681 ‚
1048 2637 1102 2669 ut
1140 2638 1472 2672 numeramus,

423 2689 428 2694 ‘
492 2697 603 2745 123.
639 2682 815 2735 Oliva.
844 2686 1095 2746 Postquam
1124 2688 1190 2734 ust
1215 2687 1407 2734 balneis
1448 2703 1588 2737 erant
1608 2725 1622 2750 ,
1649 2688 1762 2737 oleo
1792 2690 2048 2752 ungebant

421 2764 619 2810 corpus.
651 2749 869 2812 idipsum
911 2751 1054 2798 etiam
1083 2752 1360 2800 &tutabant
1383 2752 1642 2813 aliquando
1670 2789 1685 2813 ‚
1727 2754 1848 2802 licet
1868 2753 2043 2801 balneo

421 2830 536 2923 1201}¹
554 2823 840 2878 uterentur,
879 2816 936 2863 ad
958 2816 1121 2864 sordes
1159 2817 1495 2882 abstergendas
1514 2854 1530 2882 ‚
1561 2818 1619 2869 &
1652 2833 1784 2867 artus
1808 2821 2045 2867 corrobo-

417 2895 504 2928 ran
541 2893 616 2926 uf.

491 2957 608 3000 124.
648 2941 949 2995 Immundus.
982 2947 1212 2994 Sordidus
1238 2983 1253 3007 ,
1299 2963 1487 2997 avarus.

490 3003 670 3059 Natta.
700 3014 916 3070 Eundem
941 3049 956 3073 ,
985 3012 1165 3074 opinor
1184 3048 1199 3072 ,
1223 3013 1380 3074 carpit
1404 3012 1591 3063 Perfius
1629 3018 1727 3061 Sat.
1759 3018 1856 3061 111.
1899 3010 2043 3061 versu

422 3091 506 3145 31.
543 3092 653 3141 pag.
689 3090 770 3132 24.
816 3077 1018 3126 Juvenal
1054 3085 1150 3126 Sat.
1176 3083 1312 3126 VIII.

492 3143 601 3191 126.
643 3139 836 3206 Rabiofi
855 3144 1004 3208 signi.
1031 3143 1228 3192 AEstuofi
1247 3179 1262 3203 ,
1285 3142 1510 3191 fiticulofi
1534 3143 1663 3192 astri.
1701 3142 1881 3192 Sirium
1902 3177 1917 3202 ‚
1940 3141 2037 3191 five

422 3208 706 3320 {aniculam
727 3245 744 3270 ,
789 3209 1051 3273 intelligit.
1086 3215 1212 3273 Lege
1241 3208 1333 3260 Od.
1382 3221 1466 3273 23.
1514 3211 1637 3273 Lib„
1656 3215 1730 3260 111
1756 3244 1775 3272 ,
1817 3208 1946 3261 vers.
1972 3205 2035 3257 18

477 3289 669 3339 POCJOHO
