2269 3773
489 178 690 277 Lib.
748 175 869 260 Π.
931 172 1199 260 satim
1256 172 1421 260 III.
1655 200 1816 284 415

203 311 460 394 reponit.
479 311 704 374 ”Mater
714 312 889 393 pueri
919 311 1185 393 quintum
1193 307 1331 392 jam
1354 303 1602 388 mensem
1630 328 1832 389 oegro-
1918 374 1922 378 ,

200 402 391 462 tantis
440 402 527 461 ita
570 401 775 466 Iovem
819 418 953 460 orat
991 417 1009 460 .·
1053 398 1293 478 Jupiter
1320 400 1419 479 qui
1459 393 1686 456 morbos
1722 396 1833 454 im·-

200 491 396 550 mittis
418 488 763 550 mortalibus
789 484 846 548 S?
873 489 1050 569 eripis
1068 532 1086 563 ‚
1113 486 1172 570 si
1213 487 1283 547 ab
1312 487 1422 546 lzoc
1436 504 1620 565 puero
1650 501 1832 564 quar·-

191 595 353 639 ·tana
387 575 582 658 febris
634 576 889 653 abierit,
953 595 1081 635 eum
1129 594 1233 658 ego
1284 576 1499 634 nudum
1530 571 1730 656 fistam
1769 571 1833 629 in

206 666 347 745 ripa
408 664 690 743 Tiberis,
753 658 922 724 mane
970 661 1133 722 illius
1177 665 1341 741 diei,
1398 682 1510 745 quo
1555 678 1716 721 tuum
1769 660 1832 717 in

202 751 491 813 honorem
522 749 824 836 jejunium
863 754 1205 830 imperatur.
1256 752 1434 833 Quod
1461 749 1519 832 fi
1556 748 1685 829 quis
1730 766 1831 806 re·
1918 806 1922 809 .

190 842 480 919 pentinus
540 844 779 901 interim
843 836 1051 918 casus,
1117 858 1222 899 aut
1283 838 1493 899 medici
1534 835 1785 915 solertia
1811 879 1831 912 ,

105 990 113 994 ,
192 946 452 1007 puerum
497 922 527 985 ὲ
567 927 767 988 morbo
808 926 1192 1002 recreaverit,
1231 944 1422 987 mater
1443 924 1648 1005 insana
1682 943 1835 984 mor-

204 1033 325 1076 tem
335 1014 476 1097 filio
505 1012 719 1098 afferet
734 1060 756 1093 ,
802 1012 895 1074 rel
929 1011 1083 1076 certe
1095 1009 1321 1092 febrim
1362 1011 1670 1079 revocabit,
1697 1004 1832 1071 citm

202 1122 337 1162 eum
375 1106 439 1164 in
490 1101 688 1184 gelida
752 1101 983 1163 Tiberis
1033 1102 1167 1181 ripa
1222 1103 1435 1162 nudum
1498 1097 1831 1160 collocabit.

208 1193 380 1271 Quid
413 1189 508 1250 illi
534 1190 956 1274 proeposteram
984 1188 1138 1249 lianc
1170 1207 1418 1251 mentem
1442 1182 1706 1269 injecit?
1730 1184 1836 1265 su-

193 1280 473 1364 perstitio
534 1273 592 1337 fe
644 1274 1007 1357 inconsultus
1048 1277 1377 1340 Numinum
1432 1276 1631 1338 timor.
1678 1277 1834 1336 Hac

188 1362 349 1446 sunt
385 1383 690 1446 praecepta
718 1361 774 1424 ee
802 1364 991 1448 effata
1016 1410 1037 1441 ,
1093 1363 1295 1446 quibus
1330 1364 1690 1439 Stertinius,
1735 1362 1837 1440 qui

187 1448 426 1534 septem
476 1453 738 1515 Groeciae
767 1449 1181 1533 sapientibus,
1233 1446 1445 1513 merito
1474 1448 1624 1530 sane
1665 1446 1830 1508 oc‘la-

202 1559 310 1599 vus
364 1542 662 1620 addatur,
716 1557 994 1621 tanquam
1057 1540 1237 1600 armis
1297 1557 1387 1598 me
1429 1537 1711 1623 instruxit
1754 1538 1837 1597 ad

136 1666 156 1681 .
202 1624 520 1688 vindiciam
560 1628 629 1686 de
670 1627 774 1717 iis¹
778 1624 1123 1706 sumendam
1151 1676 1171 1704 ,
1218 1623 1255 1686 ὰ
1289 1627 1492 1708 quibus
1534 1643 1829 1687 contume-

202 1710 354 1776 liose
402 1712 636 1794 fuerim
686 1714 1030 1796 appellatus.
1095 1711 1374 1797 Quisquis
1427 1724 1520 1775 me
1563 1711 1832 1794 insanum

202 1801 540 1864 'nominabit
569 1850 592 1883 ,
646 1804 756 1864 lzoc
792 1804 945 1864 idem
993 1801 1088 1863 illi
1134 1823 1345 1865 nomen
1400 1822 1674 1884 reponam
1699 1849 1721 1879 ,
1769 1795 1828 1861 E:

209 1894 459 1952 caudam
509 1909 668 1973 tergo
720 1890 1034 1975 appensam
1066 1888 1183 1973 suo
1210 1939 1233 1972 ,
1285 1911 1457 1975 quam
1508 1892 1728 1975 gestare
1757 1885 1830 1970 fi

203 1978 396 2060 nescit
436 2028 460 2060 ,
509 1980 699 2063 ipsum
748 1979 1029 2065 respicere
1087 2000 1312 2067 cogam.
1384 1979 1441 2045 0
1475 1975 1832 2065 Damasippo

202 2071 552 2133 Stoicorum
605 2071 797 2133 lumen
844 2069 902 2134 δ’
951 2091 1354 2134 ornamentum
1384 2119 1404 2151 ‚
1448 2075 1581 2160 post
1624 2068 1831 2155 jac‘t'u-

204 2178 337 2218 ram
371 2156 753 2236 fortunarum
807 2177 1038 2222 tuarum
1080 2207 1122 2239 ‚,
1166 2162 1279 2225 boc
1325 2158 1361 2224 ὰ
1405 2160 1650 2244 Superis
1691 2160 1828 2225 bene

206 2244 322 2307 tibi
359 2265 623 2326 precor,
667 2267 734 2310 ut
758 2269 970 2311 merces
1006 2250 1276 2330 deinceps
1317 2269 1440 2312 tum
1480 2246 1657 2332 poffis
1686 2247 1826 2328 plu-

205 2336 293 2395 ris
323 2331 506 2397 multo
531 2331 703 2417 quam
728 2332 903 2399 antea*
937 2341 1196 2402 vendere.
1241 2339 1366 2400 Sed
1410 2337 1683 2415 quoniam
1710 2359 1828 2401 non

201 2425 377 2482 unius
409 2425 640 2504 generis
690 2420 748 2484 t>
793 2426 957 2485 modi
998 2429 1080 2511 est
1129 2428 1194 2485 in
1241 2422 1502 2486 omnibus
1526 2423 1821 2510 stultitia,

202 2511 392 2589 ecqud
418 2531 508 2570 me
541 2510 808 2572 laborare
828 2531 1000 2590 putas
1021 2511 1058 2574 ?
1079 2515 1242 2577 Nam
1254 2513 1464 2598 sapere
1484 2534 1574 2574 me
1592 2516 1823 2595 quidem

204 2596 481 2657 arbitror.
532 2600 625 2661 Et
655 2600 771 2680 fibi
786 2599 941 2681 sana
959 2599 1072 2687 eſje
1097 2601 1302 2685 Agave
1325 2603 1662 2680 videbatur,
1692 2600 1825 2665 cizm

201 2703 570 2767 amputatum
591 2688 722 2769 filii
769 2709 946 2772 caput
971 2693 1238 2777 gestaret.
1292 2692 1520 2755 ‘Fateor
1555 2694 1740 2775 igitur
1759 2694 1831 2754 id

198 2902 486 2963 posteriori,
523 2920 630 2964 quae
663 2921 802 2970 tergo
841 2908 1095 2956 incumbat
1116 2944 1130 2968 ,
1167 2909 1350 2956 lateant
1380 2908 1504 2956 vitia
1536 2909 1685 2970 ipsms
1706 2945 1719 2968 ‚
1739 2912 1825 2970 qui
1909 2906 1912 2909 ’

197 2966 293 3013 fert
322 2969 605 3019 manticam.
647 2973 778 3019 Hinc
811 2972 918 3020 fieri
960 2973 1151 3021 dicebat
1170 2987 1224 3020 ut
1254 2973 1414 3021 ahena
1450 2975 1815 3034 pervideremut

196 3031 322 3079 vitia
341 3068 356 3092 ,
378 3035 537 3081 nostra
560 3034 922 3097 ignoraremus.
949 3037 1032 3085 Ait
1056 3038 1212 3101 igitur
1229 3037 1540 3099 Damasippus
1556 3074 1570 3098 ‚
1599 3041 1818 3087 daturum

195 3097 246 3143 se
283 3113 481 3155 operam
505 3133 519 3156 ‚
549 3113 601 3146 ut
623 3099 653 3144 fi
678 3101 706 3146 h
737 3102 959 3162 quopiam
987 3101 1187 3154 insanus
1230 3117 1428 3150 vocetur
1454 3138 1467 3159 ,
1505 3103 1587 3152 illi
1614 3103 1816 3162 objiciat

195 3177 248 3207 ac
277 3177 428 3221 porvt
448 3166 513 3210 ob
548 3163 719 3211 ocvssos
741 3167 869 3214 suam
910 3167 1055 3226 ipsxus
1085 3167 1324 3217 insaniam
1345 3202 1358 3219 ,
1390 3168 1507 3213 adeo
1531 3182 1586 3216 ut
1610 3182 1812 3231 cogatur

193 3225 287 3278 ille
326 3232 615 3279 obtrectator
648 3230 729 3279 saa
764 3232 910 3296 ipsuis
952 3231 1075 3280 vitia
1118 3232 1486 3295 tecoo'noscere.

1312 3295 1464 3361 biv
