2269 3773
490 210 537 298 3
548 181 660 294 84
884 176 1198 263 Horatii
1221 222 1240 240 ·
1254 176 1689 261 Satirarum

494 311 721 373 60.Non
760 310 935 383 magis
974 307 1231 382 audierit,
1276 305 1438 379 quam
1469 306 1512 362 F
1519 304 1654 363 ufius
1683 303 1860 363 ebrius
1903 305 2080 377 oliuu

589 384 783 458 Quum
824 382 1049 439 Ilionam
1085 379 1344 452 edormit,
1389 377 1626 435 Catienis
1665 378 1815 438 mille
1847 377 2122 447 ducentiS,

587 455 796 527 Mater,
821 474 873 510 te
903 454 1143 525 appello,
1169 449 1535 508 clamantibuS.
1569 450 1712 505 Huic
1749 468 1859 520 ego
1891 452 2122 523 vulgum

589 526 772 586 Ettoti
818 526 1037 582 similem
1069 527 1321 581 cunctum
1362 522 1588 579 insanire
1627 520 1855 578 docebo·

596 598 790 656 Insanit
818 615 1023 655 veteres
1053 601 1248 660 statuas
1286 594 1638 663 Damaiippus
1661 593 1968 674 ‘emendos

499 673 814 744 65.lnteget
850 672 924 727 est
969 667 1163 725 mentis
1199 665 1510 735 Damasippi
1537 664 1806 722 creditor?
1843 668 1984 723 esto.

592 742 792 812 Accipe
816 738 961 811 quod
999 758 1274 810 nunquam
1297 733 1483 817 reddar
1517 735 1684 808 mihi,
1717 735 1754 791 fi
1793 735 1900 817 tibi
1919 737 2119 796 dicam3

591 815 751 872 Tunc
773 813 977 869 insanus
1008 811 1147 878 etis,
1187 809 1224 865 fi
1257 816 1555 878 acceperis?
1589 829 1656 863 an
1689 827 1872 878 magis
1911 824 2120 878 excors,

594 885 818 953 Reieciit
858 882 1066 953 pracda,
1146 901 1269 938 uam
1344 878 1526 937 raesens
1555 878 1859 935 Mercurius
1893 879 2030 936 fert?

594 957 777 1013 Scribe
818 955 1004 1012 decem
1024 955 1056 1012 ὲ
1155 952 1281 1010 erio.
1362 973 1433 1009 on
1464 955 1539 1007 est
1559 950 1682 1009 satis
1707 951 1881 1008 :adde
1916 951 2124 1008 Cicutae

565 1149 648 1198 60.
682 1146 869 1213 fufius.
902 1151 1041 1195 Ador
1067 1148 1260 1207 quidam
1283 1145 1364 1207 qui
1394 1143 1503 1193 curn
1527 1144 1651 1192 vino
1691 1145 1743 1194 se
1766 1146 2004 1194 obruiss‘et
2026 1180 2044 1207 ,
2071 1143 2126 1192 St

498 1213 691 1263 imitari
726 1214 1053 1261 dormientem
1097 1207 1313 1260 Ilionam
1352 1212 1550 1258 deberet
1584 1210 1641 1256 in
1679 1211 1858 1271 scena,
1896 1225 1997 1259 tam
2035 1208 2126 1258 alte

500 1294 554 1327 ac
592 1278 702 1327 vere
745 1278 1014 1337 dormivit,
1048 1291 1101 1325 ut
1138 1276 1335 1326 excitari
1376 1291 1620 1335 nunquam
1651 1278 1894 1336 potuerit.

562 1343 642 1393 61.
677 1343 913 1391 Ilionam.
958 1343 1124 1390 Ilione
1152 1378 1167 1403 ,
1204 1342 1407 1388 maxima
1448 1340 1658 1387 filiarum
1701 1341 1928 1403 Priami,
1970 1354 2030 1389 ut
2064 1339 2128 1388 ait

497 1408 681 1471 Virgil.
712 1416 755 1457 1.
785 1407 978 1456 AEneid.
1022 1407 1164 1455 versu
1204 1405 1322 1469 657.
1368 1405 1422 1455 &
1467 1406 1863 1469 Polymnestoris
1910 1407 2128 1454 ‘thraciae

496 1477 629 1536 regis
657 1489 774 1521 uxor
799 1472 915 1520 fuit.
945 1471 1170 1520 Priamus
1195 1473 1317 1518 cum
1346 1468 1538 1531 Troiam
1570 1471 1706 1534 cingi
1731 1472 1997 1520 obsidione
2027 1487 2130 1519 cct-

498 1552 641 1588 ncret
660 1573 673 1597 ,
702 1537 1005 1601 Polydorum
1033 1535 1172 1584 suum
1197 1537 1353 1585 filium
1383 1535 1742 1598 Polymnestori
1763 1571 1779 1597 ‚
1824 1537 1995 1584 amico
2024 1534 2151 1600 regi'

501 1601 558 1651 &
599 1601 731 1650 affini
754 1638 770 1665 ‚
808 1603 936 1650 elam
978 1600 1212 1648 alendum
1259 1602 1472 1648 dederat.
1522 1601 1870 1665 P'olymnestor
1900 1637 1915 1663 ,
1959 1604 2132 1650 eversa

502 1668 677 1730 Troia,
727 1674 1007 1716 Gtaecorum
1053 1666 1302 1713 fortunam
1356 1665 1413 1715 &
1450 1680 1581 1713 arma
1626 1667 1845 1715 vistricia
1894 1668 2132 1728 secutus,

500 1733 802 1796 Polydorum
846 1732 1159 1779 obtruncavit
1181 1766 1196 1792 ,
1244 1729 1302 1779 &
1325 1745 1491 1793 *aut-o,
1531 1732 1656 1791 quod
1698 1746 1755 1779 ut
1779 1749 1897 1781 eum
1934 1733 2134 1793 aleret,

502 1798 774 1857 celaretque
800 1832 814 1858 ,
854 1810 1103 1857 acceperat
1142 1798 1168 1841 a
1193 1796 1393 1844 Priamo
1416 1831 1430 1859 ‚
1473 1797 1659 1858 potitus
1683 1796 1770 1845 est.
1815 1798 2009 1861 virgil.
2038 1804 2131 1849 111.

497 1862 610 1912 AEn.
647 1879 777 1912 vem.
816 1874 893 1923 50.
924 1861 1123 1923 Attius,
1168 1873 1248 1909 aut
1270 1862 1514 1911 Pacuvius
1545 1898 1559 1923 ,
1584 1863 1875 1927 tragoediam
1912 1864 2132 1913 ediderat

500 1928 676 1980 niouae
728 1927 1011 1990 inscriptam
1058 1927 1303 1987 nomine,
1342 1928 1398 1975 in
1435 1944 1527 1989 qua
1567 1927 1830 1977 inducebat
1884 1929 2130 1994 Polydori

498 1997 716 2041 umbram
758 1997 816 2040 ab
870 1992 1049 2041 inferis
1103 2007 1471 2055 emergentem,
1522 1992 1580 2042 δε
1625 1993 1681 2041 in
1726 1994 1925 2043 somnis
1970 1995 2130 2044 sorori

493 2058 590 2105 suae
629 2059 806 2106 niouae
850 2057 899 2106 se
945 2056 1240 2105 offerentem
1269 2091 1285 2119 ,
1329 2071 1384 2107 ut
1433 2074 1552 2107 eam
1595 2073 1828 2108 moneret
1875 2062 1937 2110 de
1991 2061 2130 2109 illata

500 2123 587 2174 fibi
635 2138 789 2174 nece..
1599 2176 1605 2183 ,

564 2186 800 2237 Catienis.
844 2186 1109 2251 Catienus,
1149 2193 1274 2239 astor
1312 2189 1368 2238 in
1408 2189 1574 2238 eadem
1605 2187 1846 2254 tragoedia
1867 2190 2134 2254 personam

501 2252 743 2316 Polydori
802 2256 972 2317 agebat
1014 2255 1235 2315 :easque
1292 2270 1438 2303 voces
1465 2290 1481 2315 ‚
1533 2251 1739 2315 Mater,
1791 2268 1840 2302 te
1895 2262 2132 2318 appello,

497 2323 632 2366 tanta
651 2333 770 2367 voce
789 2353 805 2378 ,
836 2333 890 2364 ac
922 2317 1069 2365 toties
1093 2320 1297 2368 iterabat
1315 2355 1330 2379 ‚
1354 2333 1408 2367 ut
1425 2335 1528 2367 non
1551 2334 1681 2367 unus
1703 2319 1949 2369 Catienus
1979 2322 2133 2383 loqui,

494 2380 576 2431 sed
614 2382 757 2430 mille
790 2398 842 2431 ac
883 2382 1081 2430 ducenti
1126 2384 1429 2433 viderentur.
1455 2384 1533 2432 Sic
1554 2383 1700 2431 etiam
1729 2386 1915 2446 exponi
1943 2386 2132 2449 potest:

495 2447 544 2496 si
567 2463 654 2510 pro
685 2463 784 2496 uno
819 2448 1060 2508 Catieno,
1103 2449 1244 2496 mille
1269 2449 1466 2498 Catieni
1488 2485 1504 2511 ‚
1531 2465 1585 2495 ac
1620 2448 1822 2498 ducenti
1868 2450 2136 2500 acclamas-

497 2513 642 2573 sent,
681 2528 929 2572 nunquam
963 2526 1126 2562 tamen
1163 2513 1187 2561 ὲ
1236 2515 1412 2561 somno
1455 2513 1734 2563 exeitass'ent
1771 2516 1980 2564 Fufium
2009 2554 2028 2577 ,
2053 2517 2137 2580 qui

500 2591 582 2626 aut
617 2577 843 2639 crapula,
872 2592 951 2625 aut
985 2577 1108 2625 sono
1134 2579 1286 2628 vietus
1321 2579 1564 2629 stertebat.
1586 2578 1884 2628 Torrentius
1920 2583 2132 2631 chorum

500 2657 700 2689 omnem
741 2658 796 2689 ea
841 2646 983 2690 verba
1024 2642 1207 2692 iteraffe
1252 2644 1430 2693 credit.
1480 2644 1677 2693 Easdem
1712 2660 1867 2694 voces
1910 2645 2013 2708 ipfi
2051 2662 2135 2710 pet

496 2703 661 2766 iocum
694 2706 974 2768 spestatotes
1010 2708 1318 2773 ingeminare
1356 2722 1622 2772 potuerunt
1640 2744 1656 2772 ,
1676 2707 1785 2758 cum
1809 2710 2020 2759 Fufium
2038 2727 2136 2761 tarn

495 2770 598 2820 alto
636 2770 808 2817 somno
856 2773 1018 2820 teneri
1058 2773 1380 2837 conspexere„

564 2838 647 2885 62.
686 2834 856 2885 Mater
875 2871 890 2896 ,
921 2840 1008 2887 ἅτ.
1034 2846 1244 2887 Vocatur
1269 2842 1360 2901 hoc
1393 2837 1506 2886 loco
1530 2838 1695 2888 Ilione
1714 2874 1729 2898 ‚
1756 2838 2014 2901 Polydori
2036 2857 2138 2889 tna·

500 2917 609 2961 ter,
645 2902 725 2948 etsi
772 2902 959 2949 tantum
989 2904 1122 2951 soror
1164 2904 1311 2966 ipfius
1355 2904 1499 2964 effer,
1532 2905 1643 2964 quia
1682 2904 1862 2963 illum,
1896 2906 1985 2953 uti
2027 2922 2140 2953 tna-

501 2981 576 3014 ter
611 2967 872 3026 educabat,
925 2965 979 3015 &
1010 2970 1158 3016 altera
1200 2969 1285 3030 ipfi
1335 2984 1485 3018 mater
1521 2984 1642 3019 erat.
1679 2975 1800 3017 Sunt
1841 2969 1928 3029 qui
1959 2985 2145 3032 putent

500 3029 800 3091 Polydorum
822 3031 900 3078 his
935 3035 1098 3080 verbis
1120 3071 1134 3096 ‚
1167 3032 1336 3083 Mater
1356 3069 1373 3095 ,
1406 3049 1450 3083 te
1474 3041 1663 3099 appello
1688 3068 1702 3093 ,
1740 3034 1845 3081 non
1875 3033 2109 3084 Ilionam
2127 3072 2147 3098 ,

498 3095 579 3142 sed
628 3099 870 3140 Hecubam
915 3095 1180 3147 inclamare
1215 3134 1231 3160 ,
1275 3096 1382 3160 quae
1413 3116 1525 3148 vera
1552 3097 1790 3163 Polydori
1840 3113 2008 3148 mater
2035 3136 2052 3161 ,
2086 3101 2146 3152 Β

501 3156 682 3207 Priami
723 3173 840 3202 uxor
874 3157 993 3207 fuit.

565 3220 648 3284 ⁶3·
681 3218 937 3287 Similem,
979 3222 1085 3274 Sec.
1130 3226 1340 3277 subaudi
1365 3262 1381 3290 ,
1409 3208 1643 3281 errorem·
1679 3228 1853 3301 Pflque
1888 3228 1981 3277 hic
2022 3233 2146 3279 ordo

1901 3319 2147 3379 farte:
