2269 3773
589 159 927 293 Epodon
989 180 1165 264 ode
1226 177 1398 267 JV.
1644 209 1809 299 233

163 315 496 406 ,Postquam
533 318 757 381 Medea
792 313 1069 398 Jafimem
1096 315 1586 401 Argonautarum
1611 320 1815 383 ducem

168 409 384 494 insigni
414 426 553 490 proe
587 407 817 469 caeteris
841 405 1056 487 jbrmd
1087 409 1414 494 praeditum
1461 409 1810 490 adamavit,

167 498 288 560 lzoc
329 496 463 559 allii
481 492 669 576 succo
714 493 882 557 illum
921 496 1098 556 unxit
1119 542 1144 573 ,
1197 514 1309 578 quo
1324 493 1578 576 facilius
1616 514 1819 559 tauros

171 588 498 649 indomitos
550 580 702 669 jugo
737 581 1118 665 submitteret
1171 602 1189 646 .·
1245 587 1445 646 eodem
1509 585 1623 646 hoc
1672 585 1817 647 allio

172 677 350 761 vestes
392 671 649 756 infecit,
701 692 844 756 quas
879 667 1015 733 ciem
1054 671 1229 734 rivali
1253 669 1390 753 suoe
1413 718 1435 751 ,
1477 673 1633 735 dona
1670 674 1825 756 tris-

172 767 266 827 tia
288 813 311 844 ,
354 757 631 849 misiffiet,
672 778 739 822 ut
771 780 899 821 eam
939 758 1320 841 ulcifiteretur
1341 808 1363 841 ,
1402 760 1580 824 alatis
1605 767 1823 846 angui-

175 851 283 914 bus
307 849 524 915 invec‘la
535 849 606 933 se
621 850 945 931 proripuit.
993 851 1333 933 Numquam
1360 868 1559 912 tantus
1601 853 1772 935 aestus
1791 901 1815 932 ‚

177 961 404 1003 arcana
423 940 681 1025 siderum
723 940 782 998 vi
828 939 1155 1000 concitatus
1194 940 1278 1024 est
1316 941 1381 999 in
1425 935 1661 1022 Apulia
1681 936 1823 1023 jam

163 1028 329 1113 satis
364 1049 481 1112 per
506 1025 640 1109 sese
687 1026 864 1087 arida*
916 1021 974 1086 δ’
1019 1025 1210 1088 calori
1273 1024 1533 1088 obnoxia
1572 1044 1591 1088 .·
1642 1049 1824 1090 num-

178 1139 360 1203 quam
424 1116 696 1179 membris
756 1112 1032 1176 Herculis
1099 1113 1257 1176 illud
1298 1113 1496 1196 ferale
1567 1133 1773 1180 munus
1796 1165 1821 1198 ‚

178 1210 346 1292 quod
363 1205 473 1289 ipfi
493 1202 530 1267 ὰ
556 1200 863 1286 Dejanirci
888 1205 1091 1263 datum
1132 1221 1261 1264 erat
1284 1248 1303 1280 ,
1348 1201 1641 1284 implicuit
1664 1203 1827 1288 ignes

180 1315 310 1358 tam
358 1297 518 1356 diros
538 1341 563 1377 ,
611 1309 859 1380 quantos
899 1290 1106 1354 allium
1133 1294 1496 1373 praecordiis
1534 1289 1677 1354 meis
1700 1296 1825 1356 im·-

182 1384 367 1469 mtfit.

178 1593 304 1643 adde
335 1593 463 1652 quod
498 1607 553 1640 ea
589 1607 679 1640 vox
700 1593 1001 1660 vapor‘apud
1044 1589 1261 1652 optimos
1285 1590 1564 1640 Latinitatis
1608 1594 1826 1641 austeres

184 1659 350 1709 valeat
389 1659 518 1705 idem
554 1657 658 1705 fere
686 1658 877 1719 semper
907 1671 1045 1716 atque
1072 1655 1226 1708 calor.

215 1765 221 1769 .
255 1737 338 1784 17.
373 1721 630 1782 Efficacis.
670 1723 898 1782 strenui,
935 1720 1163 1769 laboriofi
1191 1758 1205 1783 ,
1240 1720 1484 1771 bellicosi.

253 1786 501 1836 Herculis.
540 1786 709 1836 Neffus
743 1793 1016 1835 Centaurus
1049 1784 1336 1849 Deianiram
1370 1820 1385 1846 ,
1431 1787 1662 1835 Herculis
1697 1802 1828 1835 uxo-

183 1867 292 1904 rem
337 1869 507 1916 rapere
547 1863 657 1900 cum
712 1866 956 1910 tentaret,
1000 1853 1058 1899 ab
1092 1867 1152 1899 eo
1205 1851 1396 1916 sagittis
1428 1846 1665 1901 'confixus
1719 1852 1787 1900 est
1813 1872 1831 1901 τ

185 1918 410 1967 moriens
436 1918 614 1980 pallam
634 1952 648 1977 ‚
687 1918 768 1966 seu
796 1917 1040 1964 indusium
1076 1916 1281 1964 tinstum
1312 1916 1557 1979 sanguine
1594 1918 1682 1965 suo
1703 1952 1717 1977 ,
1743 1918 1829 1978 qui

183 1983 612 2046 praesentissimum
633 1996 736 2029 erat
756 1997 1005 2029 venenum
1026 2017 1041 2042 ,
1064 1980 1313 2044 Deianirae
1347 1981 1479 2028 dedit
1498 2016 1514 2041 ,
1556 1979 1825 2043 affirmans,

185 2048 486 2110 Herculem,
520 2047 554 2093 si
588 2046 713 2094 illud
750 2047 975 2094 indueret
999 2080 1014 2105 ,
1055 2060 1305 2105 nunquam
1331 2044 1477 2092 aliam
1514 2059 1784 2092 amaturum
1805 2066 1824 2095 ε

184 2113 357 2163 induit
392 2113 628 2160 Hercules
650 2146 665 2172 ,
704 2108 761 2159 Ec
798 2126 974 2158 arcano
1010 2109 1170 2157 statim
1203 2109 1322 2172 igne
1365 2123 1652 2170 correptus,
1684 2108 1830 2157 defla-

184 2177 371 2244 gravit.
400 2184 529 2243 Lege
570 2183 804 2225 Senecam
843 2175 1114 2240 tragoedum
1149 2173 1207 2222 iu
1259 2172 1459 2238 gemina
1476 2173 1558 2221 sua
1590 2174 1825 2226 Hercule.

193 2438 459 2570 NON
490 2507 632 2590 agni
655 2502 693 2568 ὰ
717 2504 872 2589 lupis
896 2502 1121 2589 majore
1149 2505 1421 2592 diffident
1458 2507 1597 2568 odio
1614 2554 1636 2587 ,
1679 2511 1844 2592 quod

191 2597 431 2677 utrique
479 2592 764 2677 nafiendo
799 2593 1009 2676 fimiti
1055 2592 1249 2676 sunt,
1302 2592 1477 2679 quam
1532 2615 1636 2680 ego
1684 2592 1722 2657 ὰ
1777 2616 1837 2661 te

195 2681 472 2769 distentio
491 2730 511 2763 ‚
538 2684 711 2744 lzomo
727 2685 939 2765 impuri
933 2683 1100 2767 ffime
1117 2729 1138 2763 ‚
1165 2681 1328 2768 cujus
1351 2684 1606 2746 humeris
1630 2686 1841 2769 inusta

195 2790 440 2836 manent
497 2790 695 2854 turpes
751 2771 1054 2833 verberum
1114 2770 1225 2833 tibi
1275 2773 1419 2832 olim
1485 2771 1839 2858 inflic‘lorum

195 2971 255 3015 ab
296 2966 529 3030 Hispania
581 2970 827 3032 praecipue
858 2971 1148 3031 petebatur:
1182 2969 1383 3035 genistae
1428 2984 1508 3019 aut
1556 2969 1697 3033 junci
1735 2985 1830 3035 ge-

196 3048 297 3082 nus
337 3031 424 3082 est.
470 3036 639 3082 Iberus
674 3033 853 3083 fluvius
879 3034 1118 3096 Hispania:
1141 3071 1158 3096 ,
1199 3032 1349 3085 Ebre.

265 3094 481 3161 Per-uste.
538 3099 679 3147 Loris
719 3099 839 3160 uri,
879 3099 1130 3163 eleganter
1174 3100 1374 3150 dicitur.
1438 3101 1496 3149 Id
1530 3099 1628 3161 est,
1670 3099 1793 3146 caedi
1818 3135 1836 3159 ‚

198 3163 449 3224 vapulare.
487 3163 544 3209 Id
563 3177 726 3211 autem
759 3164 883 3226 saepe
911 3164 1157 3213 accidebat
1180 3164 1367 3215 servis:
1416 3165 1449 3212 fi
1481 3164 1598 3225 quid
1633 3163 1835 3225 peccas-

197 3228 310 3275 sent
346 3248 358 3276 ε
397 3228 553 3276 iidem
595 3229 1108 3290 compedibu³.vin&i
1131 3246 1253 3294 opus
1289 3229 1393 3283 ruti
1435 3229 1714 3292 faciebant,
1757 3241 1838 3279 aut

199 3292 259 3343 iu
291 3292 545 3359 ergastulis
581 3294 905 3349 habebantur.

1709 3457 1801 3502 5²⁴
