2269 3773
449 183 500 238 2
520 185 552 267 ς
571 158 617 241 8
875 157 1197 242 Horatii
1254 160 1696 244 Satirarum

551 286 659 344 Sed
693 299 877 345 tamen
915 307 1103 347 amoto
1143 309 1444 360 quaeramus
1463 287 1593 349 seria
1626 288 1773 347 ludo.

544 358 644 416 Ille
682 378 905 428 gravem
954 359 1090 419 duro
1132 377 1335 419 terram
1375 362 1471 433 qui
1505 363 1666 420 vertit
1697 378 1879 419 aratro
1901 368 1925 432 ,“

543 427 784 488 Perfidus
821 430 909 487 hic
951 452 1123 504 caupo
1144 474 1164 502 ,
1200 433 1387 506 mileS,
1429 452 1713 506 nautaeque
1734 478 1750 504 ‚
1795 452 1894 502 per
1926 450 2111 489 omne

383 573 386 584 ἲ
455 500 799 576 30.Audaces
833 523 982 561 mare
1022 505 1114 576 qui
1150 523 1400 577 currunt,
1432 504 1533 564 hac
1562 525 1740 563 mente
1776 504 2033 562 laborem

546 575 669 631 Sese
705 576 873 646 ferre,
902 575 1049 634 senes
1080 593 1146 634 ut
1179 577 1233 633 in
1270 577 1381 634 otia
1411 593 1529 635 tuta
1567 578 1846 644 recedant,
1944 578 1987 612 θ

550 646 755 717 Aiunt,
798 646 921 706 curn
962 646 1052 704 fibi
1091 648 1193 705 sint
1233 650 1482 721 congesta
1522 649 1715 706 cibaria
1738 672 1755 702 .·
1781 646 1910 704 ficut
2056 716 2075 727 .

548 717 807 789 Parvula,
848 740 974 776 nam
1006 723 1253 790 exemplo
1273 723 1380 791 est,
1419 721 1605 792 magni
1636 719 1859 777 formica
1892 716 2123 775 laboris?

549 788 663 845 Ore
684 789 851 847 trahit
870 790 1246 864 quodcumque
1266 794 1471 863 potest,
1491 810 1654 863 atque
1681 790 1828 848 addit
1850 810 2050 846 acervo
2075 831 2102 857 ,

454 859 749 935 35.Quem
785 864 939 921 struit
959 907 975 935 ‚
1017 861 1163 921 haud
1187 864 1374 936 ignara
1407 883 1468 921 ac
1506 886 1614 921 non
1650 864 1861 920 incauta
1881 860 2060 918 futuri
2083 883 2102 917 ε

546 931 718 1059 ssuae,
751 932 903 991 fimul
938 935 1207 992 inversum
1246 936 1520 994 contristat
1556 935 1826 1006 Aquarius
1848 951 2096 1005 annum,

605 1023 675 1058 on
718 1007 941 1076 usquam
982 1007 1260 1080 prorepit,
1300 1016 1355 1065 &
1398 1007 1502 1064 illis
1536 1007 1706 1063 utitur
1742 1025 1866 1062 ante

547 1074 803 1140 Ouaefitis
823 1120 841 1148 ,
883 1077 1085 1148 sapiens
1122 1102 1137 1136 ε
1171 1079 1297 1137 cum
1334 1099 1387 1142 te
1418 1098 1590 1147 neque
1626 1076 1865 1136 fervidus
1897 1077 2063 1132 aestus

548 1143 861 1205 Demoveat
918 1149 1098 1220 lucro,
1157 1170 1330 1223 neque
1378 1148 1610 1223 hyems,
1658 1149 1799 1221 ignis
1821 1191 1839 1220 ‚
1906 1166 2106 1219 mare,

827 1220 1033 1278 ferrum
1055 1264 1075 1295 ‚

454 1285 661 1372 40.Nil·
683 1289 856 1351 obstet
892 1292 1029 1363 tibi,
1066 1292 1197 1351 dum
1244 1314 1310 1351 ne
1344 1291 1406 1351 fit
1442 1309 1496 1349 te
1538 1292 1699 1350 ditior
1739 1291 1893 1351 alter.
2064 1360 2081 1372 ⁶

548 1361 702 1429 Quid
735 1364 885 1432 juvat
916 1365 1240 1422 immensum
1278 1382 1332 1422 te
1368 1365 1580 1435 argenti
1610 1361 1853 1435 pondus,
1883 1371 1939 1419 δε
1962 1381 2089 1419 aun

546 1431 764 1489 Furtim
804 1434 1007 1493 defossa
1039 1436 1294 1493 timidum
1336 1436 1610 1506 deponere
1652 1436 1831 1492 terra?

548 1502 719 1630 guod
757 1505 792 1562 fi
829 1513 1194 1581 comminuas,
1234 1509 1398 1565 vilem
1429 1507 1705 1579 redigatur
1745 1503 1812 1561 ad
1854 1502 2026 1561 affem
2050 1524 2068 1559 t

608 1576 702 1654 qni
724 1575 777 1632 id
796 1575 857 1635 fit
871 1622 889 1650 ,
912 1578 1039 1649 quid
1061 1577 1224 1636 habet
1244 1578 1453 1648 pulchri
1479 1579 1809 1636 construstus
1838 1581 2105 1635 acervus?

461 1643 743 1715 45.Mnllia
774 1646 1030 1709 frumenti
1068 1670 1159 1709 tua
1199 1650 1413 1707 triverit
1454 1670 1574 1708 area
1613 1667 1877 1720 centum,

551 1711 688 1799 Non
730 1734 854 1776 tuus
889 1720 995 1777 hoc
1031 1722 1206 1791 capiat
1247 1738 1435 1779 venter
1459 1725 1580 1792 plus
1620 1741 1681 1778 ac
1722 1739 1879 1777 meus
1917 1742 1939 1776 ι
1969 1737 2034 1778 ut
2069 1716 2114 1777 fi

561 1786 883 1848 Reticulum
910 1791 1061 1863 panis
1090 1794 1303 1852 venales
1339 1793 1478 1853 inter
1515 1794 1710 1851 onusto

529 1969 612 2020 27.
646 1952 835 2006 Amoto
870 1964 1004 2008 ludo-
1054 1960 1241 2007 Ludum
1296 1960 1546 2021 appellat,
1591 1974 1703 2007 cum
1734 1958 1891 2007 initio
1937 1956 2114 2008 Satirae

463 2026 635 2072 Iovem
655 2057 671 2082 ‚
713 2024 1036 2085 hominesque
1074 2023 1214 2072 velut
1242 2023 1298 2071 in
1327 2024 1521 2072 scenam
1560 2021 1775 2072 induxit.

533 2086 615 2152 36.
648 2087 918 2150 laver-sum.
972 2093 1152 2137 Annus
1210 2089 1339 2137 verti
1390 2089 1573 2138 dicitur
1618 2086 1730 2136 cum
1768 2087 2112 2150 instauratur,

455 2147 580 2200 rcum
619 2151 782 2203 denuo
818 2155 1035 2216 incipit,
1072 2152 1183 2201 cum
1216 2154 1297 2202 Sol
1320 2157 1379 2201 ab
1414 2170 1516 2202 uno
1558 2153 1773 2215 'tropico
1804 2153 1864 2200 ad
1893 2154 2109 2202 alterum

468 2220 740 2282 regreditur
776 2233 791 2265 τ
814 2222 943 2280 quod
968 2221 1024 2267 fit
1044 2219 1210 2266 mense
1228 2219 1493 2278 Ianuar-im
1518 2218 1598 2266 cui
1642 2218 1794 2266 menfi
1819 2218 2115 2266 attribuitur

470 2285 745 2344 Aquarius,
779 2285 971 2348 signum
993 2321 1011 2345 ,
1052 2284 1151 2332 five
1176 2299 1284 2345 pars
1318 2284 1509 2332 zodiaci
1540 2283 1800 2332 undecima
1822 2318 1836 2341 ,
1877 2282 1934 2329 in
1958 2298 2107 2343 quam

470 2361 689 2397 extremo
715 2351 944 2398 ianuario
971 2348 1053 2398 Sol
1085 2348 1382 2412 ingreditur.
1424 2348 1666 2409 Aquarius
1701 2362 1907 2395 vocatur
1929 2382 1944 2408 ‚
1993 2349 2110 2407 quia

468 2411 664 2486 [fluvias
712 2412 769 2461 ὅτ
808 2415 954 2462 nives
983 2450 999 2477 ,
1036 2428 1266 2474 tanquam
1305 2415 1452 2476 plena
1486 2430 1543 2463 ex
1598 2413 1830 2475 amphora
1878 2411 2118 2461 defundit

478 2491 540 2525 m
581 2491 751 2526 terras.

544 2556 626 2598 42.
676 2540 903 2607 Deffiffd.
950 2544 1148 2593 Dicitur
1185 2545 1362 2593 humus
1395 2543 1600 2605 defodi,
1629 2558 1719 2606 pro
1761 2542 1903 2606 egeri
1946 2558 2004 2590 ac
2035 2542 2121 2588 fo-

473 2604 527 2651 di
573 2620 588 2649 z
628 2606 807 2655 dicitur
845 2606 904 2656 &t
937 2609 1146 2668 pecunia
1183 2611 1333 2659 humo
1365 2609 1535 2657 defodi
1581 2623 1597 2652 .·
1635 2624 1722 2670 pro
1749 2607 1989 2656 abscondi
2025 2607 2111 2656 al—

480 2667 580 2718 tius
612 2670 669 2717 in
709 2685 886 2718 terram
928 2671 983 2720 &
1017 2673 1201 2725 infodi.

546 2748 630 2795 45.
662 2731 819 2786 Area.
843 2744 999 2786 Locus
1031 2752 1203 2800 patens
1232 2773 1249 2800 ,
1285 2739 1379 2795 ubi
1423 2739 1700 2788 tunduntur
1742 2736 1932 2800 spicae,
1964 2750 2019 2785 ut
2047 2751 2111 2786 cx

476 2796 551 2846 iis
585 2799 803 2849 triticum
851 2805 1139 2853 excutiatur.

550 2878 630 2921 47.
660 2864 955 2916 Reticulunz.
1003 2875 1177 2919 Saccus
1220 2866 1289 2917 est
1312 2904 1328 2931 ,
1368 2868 1490 2918 retis
1537 2867 1688 2916 instar
1708 2902 1725 2929 ,
1760 2866 1787 2914 ὲ
1824 2864 2079 2915 funiculis
2101 2901 2124 2931 ,

479 2926 665 2981 lorisve
705 2947 982 2981 contextus.

555 2992 785 3047 Venales·
827 2998 904 3046 Sic
947 3014 1187 3046 vocantur
1218 2997 1380 3059 servi,
1424 2998 1507 3059 qui
1545 2996 1705 3059 pretio
1748 3009 1993 3047 veneunt.

548 3075 629 3125 49.
664 3061 807 3113 Intra
853 3079 1033 3112 natum
1064 3063 1198 3126 fines·
1230 3065 1460 3115 νὶνεηεὶς.
1495 3070 1706 3123 Seneca,
1744 3060 1885 3122 epist.
1916 3061 1995 3111 16.
2016 3061 2118 3112 lau-

479 3125 559 3174 dat
599 3129 723 3176 hanc
765 3129 960 3192 Epicuri
1007 3145 1176 3177 vocem
1216 3144 1228 3174 ε
1245 3134 1290 3194 fi
1317 3137 1381 3180 ad
1405 3142 1626 3178 naturam
1661 3127 1834 3188 vivas,
1880 3144 2125 3191 nunquam

480 3193 580 3243 eris
625 3211 853 3261 pauper:
881 3199 928 3261 fi
956 3200 1022 3247 ad
1056 3195 1309 3259 opiniones
1333 3232 1351 3261 ,
1389 3210 1628 3260 nunquam
1661 3193 1758 3245 eris
1795 3191 1958 3244 dives·
1987 3199 2131 3244 1²1ae-

461 3262 464 3265 '
477 3258 625 3321 ciat&-
