2269 3773
511 143 686 225 Lib.
748 141 830 225 I.'
881 139 1148 222 Satira
1219 139 1375 222 VI.
1614 164 1775 257 323

147 273 338 361 quior
381 271 627 358 sorem,
673 272 729 358 fi
771 271 983 354 senatu
1034 294 1084 337 ν.
1144 292 1202 355 g.
1249 289 1441 348 motus
1491 265 1661 356 effim
1713 274 1787 334 ab
1883 331 1890 338 ,

153 363 373 445 Appio
420 363 698 447 censore,
746 363 817 422 ob
846 383 972 422 eam
999 359 1232 442 causam
1277 361 1437 444 quod
1454 381 1572 421 non
1622 356 1795 445 eſj'em

158 453 416 535 ingenuo
469 469 718 536 parente
780 443 1002 512 ortus?
1075 447 1134 510 δ’
1195 449 1582 534 ignominiam
1637 452 1794 512 lianc

123 537 288 620 san?
333 560 628 617 mererer,
678 558 828 601 meae
855 538 1208 599 conditionis
1260 535 1518 614 oblitus,
1571 540 1635 599 in
1659 540 1795 600 med

143 646 241 687 me
279 628 567 708 pellicula
606 623 662 688 δ’
712 628 875 689 ανὶτᾶ
910 622 1171 706 fortunii
1196 647 1315 688 non
1361 623 1788 711 continuiffem.

142 717 255 778 Ita
289 718 520 799 quidem
555 711 627 797 se
680 734 768 776 res
810 714 1025 793 lzahet;
1058 734 1256 774 verum
1304 734 1504 775 omnes
1529 761 1550 792 ,
1603 719 1786 801 igno-

146 801 296 862 biles
349 797 600 886 perinde
641 823 710 863 ac
773 801 992 863 nobiles
1018 849 1039 881 ,
1088 802 1301 888 glorio:
1348 801 1591 889 fulgore
1624 824 1784 885 per-

123 891 514 975 stringuntur
533 939 556 971 ‚
612 886 669 952 δ’
720 890 1006 957 honorum
1071 892 1392 973 cupiditate
1423 938 1441 973 ,
1501 910 1783 976 tanquam

146 973 323 1038 'vindi
372 977 429 1041 θ’
474 980 694 1062 captivi
737 975 1071 1041 trahuntur.
1129 983 1293 1061 Quid
1330 979 1441 1042 dl?
1460 998 1656 1043 tamen
1689 980 1783 1064 as2

125 1062 517 1149 sequuntur,·
568 1068 734 1149 Quid
777 1065 887 1130 tibi
923 1063 1165 1147 profuit
1203 1069 1283 1146 ,ὅ
1341 1068 1548 1149 Tulli,
1589 1069 1779 1153 sena-

96 1147 103 1154 ’
147 1154 368 1217 toriam
431 1159 779 1242 dignitatem
844 1152 1199 1239 recuperaſj'e
1240 1203 1263 1235 ‚
1324 1176 1395 1216 ac
1478 1157 1782 1223 tribunatu

144 1242 403 1304 militum
432 1265 701 1308 ornatum
718 1239 905 1329 fuiffe
940 1239 978 1307 ?
1004 1246 1260 1307 Invidtae
1284 1247 1472 1327 magis
1496 1246 1782 1311 obnoxius

124 1328 317 1414 suisti
333 1379 356 1411 ‚
408 1331 582 1417 quam
608 1333 665 1417 fi
713 1333 1009 1411 privatam
1055 1330 1291 1414 secutus
1351 1334 1532 1395 vitam
1584 1333 1776 1414 fores.

152 1418 305 1480 Citm
359 1423 510 1483 enim
557 1419 850 1508 quispiam
893 1419 1102 1503 insana
1131 1420 1409 1506 flagrans
1453 1422 1779 1487 ambitione

127 1504 471 1589 finatorios
517 1511 740 1573 calceos
787 1510 961 1594 nigrd
995 1509 1153 1590 pelle
1194 1506 1402 1588 tec705‚
1449 1507 1508 1576 δ’
1543 1512 1625 1571 ad
1657 1534 1780 1574 me-

144 1596 308 1656 dium
352 1594 525 1683 usque
571 1620 702 1662 crus
749 1594 1044 1677 porreelos
1093 1598 1290 1660 induit
1313 1645 1336 1679 ‚
1389 1620 1461 1660 ac
1513 1600 1776 1662 tunicam

143 1682 507 1756 laticlaviam
545 1685 796 1770 sumpfit
820 1732 841 1764 ,
871 1687 1081 1769 statim
1123 1689 1293 1748 audit
1325 1707 1774 1768 percontantem

129 1771 421 1853 populum
471 1795 489 1839 .·
545 1777 693 1858 Quis
748 1773 852 1858 {ste
905 1794 1097 1836 autem
1121 1821 1145 1853 ‚
1207 1776 1411 1859 quibus
1460 1796 1623 1838 ortus
1691 1781 1778 1864 est

142 1856 466 1943 majoribus
494 1858 530 1928 ,9
578 1864 1076 1948 Quemadmodum
1100 1861 1159 1946 fi
1180 1864 1312 1948 quis
1350 1884 1419 1925 eo
1465 1864 1775 1929 laborabat

140 1948 345 2011 morbo
374 1997 395 2032 ‚
443 1973 556 2038 quo
623 1954 889 2031 Barrus,
948 1954 1048 2036 qui
1097 1948 1306 2033 miſser}
1375 1955 1537 2036 cupit
1584 1956 1773 2018 videri

129 2037 420 2119 pulcher,
468 2044 555 2121 is,
603 2042 841 2125 inquam
870 2087 892 2119 ,
923 2059 1279 2125 quocumque
1310 2038 1380 2121 se
1423 2037 1767 2123 conferret,

126 2126 352 2206 puellis
373 2128 633 2192 omnibus
675 2130 920 2216 afferret
944 2126 1413 2211 sollicitudinem
1438 2130 1774 2211 inquirendi

126 2215 439 2299 figillatim
489 2220 560 2279 de
606 2217 710 2280 illo
741 2267 764 2301 ‚
811 2218 1042 2302 qualem
1089 2216 1327 2279 haberet
1362 2211 1589 2296 faciem
1605 2260 1628 2297 ,
1667 2218 1773 2300 su-

142 2323 272 2365 ram
298 2348 315 2382 ,
355 2308 564 2387 pedem
589 2354 609 2385 ‚
645 2307 841 2370 dentes
865 2354 886 2386 ,
920 2302 977 2369 fl
1003 2305 1252 2386 capillos
1283 2322 1302 2366 .·
1330 2305 1419 2365 ita
1466 2306 1569 2389 qui
1578 2325 1582 2330 ·
1591 2304 1772 2387 suam

138 2392 212 2453 in
241 2394 467 2477 fidem,
513 2391 570 2456 ἃ
608 2395 863 2459 velutin
913 2395 1164 2457 tutelam
1212 2393 1431 2476 accipit
1454 2396 1716 2458 Romam
1742 2442 1766 2475 ,

146 2484 411 2563 Quirites
435 2532 456 2564 ,
489 2481 735 2547 Italiam
761 2531 784 2563 ,
809 2481 1096 2565 Superum
1146 2483 1365 2566 templa
1386 2529 1408 2561 ,
1446 2485 1772 2565 Imperium

137 2573 386 2655 denique
446 2570 773 2655 universum
812 2618 835 2652 ,
888 2574 941 2634 is
997 2568 1260 2634 omnibus
1309 2592 1507 2635 curam
1567 2570 1774 2657 injicit

118 2656 476 2744 scistitandi
495 2709 517 2741 ,
561 2682 674 2747 quo
696 2662 931 2747 genitus
952 2659 1037 2745 fit
1068 2679 1318 2744 parente
1346 2707 1369 2741 ‚
1417 2680 1552 2724 num
1595 2665 1775 2749 igno-

132 2750 248 2814 bili
291 2771 480 2815 matre
527 2746 758 2815 natus?
816 2752 909 2814 Tu
931 2747 1168 2833 scilicet
1191 2797 1214 2829 ,
1258 2744 1422 2832 cujus
1455 2767 1638 2831 pater
1659 2749 1772 2813 vile

125 2841 494 2923 mancipium
526 2838 663 2925 fuit
685 2838 712 2921 ‚‘
763 2841 957 2926 Syrus
1013 2840 1253 2903 nomine
1278 2885 1301 2919 ‚
1351 2841 1556 2902 Dama
1581 2887 1605 2921 ,
1668 2858 1772 2904 aut

197 3103 283 3156 28.
334 3105 512 3156 Latum
554 3113 760 3158 clavum.
800 3107 993 3158 Vestem
1025 3105 1353 3158 laticlaviam.
1759 3146 1766 3151 .

201 3181 283 3233 33.
324 3170 471 3221 Sur-ti.
511 3173 744 3233 Est'pars
782 3172 1021 3236 possefior
1065 3173 1259 3233 cruris,
1304 3170 1433 3221 infra
1486 3172 1763 3238 popliteme

127 3235 354 3287 anterior
383 3252 527 3302 pars,
567 3235 698 3290 infra
730 3252 895 3303 genu,
936 3239 1118 3291 dicitur
1151 3240 1294 3289 tibia.

1235 3297 1405 3387 Ovj
