2269 3773
518 240 697 325 Lib.
757 238 828 325 I.
895 239 1068 324 ode
1126 239 1476 326 XXIII.
1696 243 1803 360 69

142 361 381 441 'manus
444 376 610 439 diras
682 372 1050 460 Proserpina
1117 398 1239 439 non
1304 373 1539 462 injicit,
1586 377 1810 441 nullum

166 469 468 549 praeterit.
529 466 644 529 Me
707 485 932 549 quoque
983 465 1175 553 auster
1223 464 1588 549 procellosus
1614 515 1637 546 ,
1707 471 1829 550 qui*
1927 539 1940 551 ,

184 556 471 617 Orionem
523 557 824 616 cadentem
856 556 1132 617 comitari
1145 550 1306 638 solet
1327 603 1350 635 ,
1393 555 1637 640 Illyrici
1670 576 1809 616 ma-

177 645 259 706 ris
286 642 570 729 fluclibus
591 640 945 727 naufragum
981 642 1189 728 lzaufit.
1233 642 1326 706 At
1364 662 1431 705 tu
1454 690 1473 724 ‚
1518 645 1555 706 ὂ
1582 662 1765 706 nauta
1786 689 1808 724 ‚

177 732 301 793 noli
347 728 466 818 effe
503 752 722 812 parcus
767 734 834 794 in
878 734 1060 794 arena*
1106 734 1379 793 cadaveri
1442 752 1570 794 meo
1642 730 1810 816 inse-

165 822 342 902 pulto
390 818 770 905 aspergendd.
839 820 1068 883 Faxint
1120 819 1361 904 viciffim
1421 821 1677 904 Superi,
1742 839 1811 884 ut

177 928 569 993 quascumque
612 910 808 971 Eurus
839 907 1140 990 procellas
1176 927 1393 990 parat,
1446 912 1810 993 intentatque

177 998 340 1061 Italo
393 998 589 1075 mari,
635 996 764 1059 illae
785 1000 850 1058 in
885 994 953 1059 V
944 995 1176 1079 enufina
1220 1016 1502 1077 nemora,
1550 1016 1607 1061 te
1635 998 1810 1079 salvo

178 1105 353 1168 atque
397 1083 591 1166 illaeso
618 1130 636 1163 ,
685 1081 1062 1165 desaeviant:
1129 1103 1199 1147 ut
1260 1084 1412 1147 lucri
1472 1081 1805 1168 plurimum

165 1169 425 1254 facias„
471 1173 815 1256 ubicumque
850 1169 958 1254 fas
998 1174 1455 1256 erit,·propitio
1505 1174 1691 1253 Jove,
1737 1196 1809 1237 ac

168 1257 416 1342 favente
476 1259 588 1323 tibi
634 1263 954 1342 Neptuno,
1016 1257 1182 1345 cujus
1234 1264 1298 1323 in
1328 1256 1456 1346 fide
1514 1263 1812 1347 tuteldque

189 1351 518 1414 Tarentum
552 1352 651 1434 est.
692 1350 797 1413 An
843 1369 1001 1411 meas
1025 1368 1230 1451 preces
1274 1348 1521 1435 negligis
1579 1347 1811 1431 &sce-
1890 1374 1895 1377 ⁵

178 1438 270 1500 lus
307 1440 424 1501 lzoc
473 1440 786 1502 admittere
827 1458 947 1500 non
990 1442 1206 1517 times,
1259 1437 1420 1523 quafi
1472 1460 1590 1501 non
1660 1438 1811 1520 tibi,

165 1523 282 1606 sed
324 1531 446 1590 tuis
486 1528 778 1589 duntaxat
807 1525 960 1612 filiis
1026 1548 1096 1589 ac
1141 1527 1445 1608 nepotibus
1499 1523 1637 1589 licet
1684 1528 1813 1588 im·-

177 1616 579 1694 merentibus,
629 1618 814 1679 exitio
847 1610 1126 1695 fitturum
1199 1634 1286 1680 1.t
1277 1611 1310 1660 Ρ
1376 1617 1470 1677 Tu
1522 1613 1645 1700 ipse
1676 1614 1821 1699 for-

163 1700 292 1807 san·
323 1703 448 1767 lues
487 1702 642 1764 illud
675 1724 745 1766 ac
779 1710 989 1786 parem
1013 1724 1259 1788 pernam
1308 1707 1593 1806 dependes
1633 1724 1651 1769 .·
1695 1725 1817 1769 non

177 1794 419 1855 irritum
456 1793 574 1854 erit
612 1796 1008 1877 quodcumque
1070 1806 1171 1855 tuo
1213 1796 1397 1877 capiti
1461 1790 1613 1857 mal>
1656 1815 1814 1875 pre-

178 1882 407 1961 cabor,
445 1880 710 1944 necullis
737 1877 1053 1966 sacrificiis
1096 1880 1248 1946 illud
1282 1903 1539 1961 avertes,
1587 1904 1657 1944 ac
1674 1885 1817 1965 pia-

182 1968 290 2034 bis.
335 1971 515 2056 Age,
541 1990 768 2033 moram
808 1969 1130 2055 longiorem
1170 1991 1286 2032 non
1314 1973 1527 2056 afferet
1575 1973 1641 2032 id
1659 1975 1821 2054 quod

174 2060 427 2146 postulo.
475 2059 612 2142 Etfi
591 2079 956 2162 ιΡνοΡεν-αε,
986 2062 1218 2143 poteris
1268 2062 1367 2122 ubi
1410 2082 1538 2121 meo
1579 2062 1816 2157 corpori

183 2166 278 2208 ter
303 2148 608 2227 puberem
658 2144 976 2235 injeceris,
1015 2151 1351 2236 institutam
1384 2147 1821 2235 nauigationem

185 2234 342 2299 ὸτει
305 2258 339 2302 t
376 2255 654 2321 repetere.
