2269 3773
407 193 570 283 1622
788 200 891 311 Q.
954 200 1273 282 Horatii
1331 201 1624 293 Flacci.

642 327 895 386 Promere
925 326 1263 401 languidiora
1307 328 1450 388 vina.
1635 391 1640 396 ,

496 397 626 457 Non
664 400 786 473 ille,
832 421 1141 473 quanquam
1176 401 1453 459 Socraticis
1500 403 1683 462 madet:

408 488 493 531 10.
510 472 886 544 sermonibus,
921 491 974 530 te
1016 472 1164 543 negli
1207 489 1261 530 et
1302 472 1590 534 horridus.-

575 543 837 604 Narratur
873 554 926 603 3:
967 543 1120 616 prisci
1215 545 1386 604 atonis

646 616 799 688 Saepe
841 637 993 674 mero
1024 615 1234 674 caluisse
1278 617 1467 678 virtus·

500 686 597 745 Tu
633 689 749 746 lene
788 705 1123 747 tormentum
1156 688 1377 760 ingenio
1416 688 1671 751 admoves

506 758 830 833 Plerumque
857 761 1028 825 duro,-
1070 776 1134 817 tu
1174 760 1495 832 sapientium

405 843 496 904 ας.
583 831 789 905 Curas,
828 841 881 891 &
923 851 1172 891 arcanum
1211 832 1395 902 jocoso

650 903 948 963 Consilium
989 903 1431 977 retegisLyaeo:

397 993 431 1024 ·.
502 973 597 1032 Tu
630 974 664 1033 s
692 997 777 1033 em
823 977 1028 1035 reducis
1063 976 1330 1035 mentibus
1373 975 1578 1049 anxii8‚

501 999 789 1120 Virelzum
820 1058 874 1108 8(
914 1048 1061 1106 addis
1088 1069 1285 1107 cornua
1325 1049 1581 1124 pauperi,

574 1121 702 1179 Post
736 1139 791 1178 te
834 1142 1003 1194 neque
1039 1120 1203 1179 iratos
1244 1121 1495 1178 trementi

402 1211 495 1251 ιο.
655 1192 875 1266 Regum
917 1193 1116 1266 apiceS,
1158 1214 1328 1265 neque
1365 1193 1605 1250 militum
1651 1211 1816 1253 arma.

442 1335 451 1342 „
504 1263 593 1322 Te
612 1307 630 1335 ,
667 1264 863 1340 Liber,
905 1274 958 1324 δε
993 1265 1030 1322 fi
1066 1266 1190 1322 lxta
1229 1264 1399 1324 aderit
1439 1266 1661 1340 Venus,

504 1336 811 1410 segnesque
856 1340 1060 1398 nodum
1097 1336 1300 1395 solvere
1339 1337 1540 1397 Gratiae
1563 1383 1581 1412 ‚

584 1410 841 1482 Vivaeque
875 1410 1171 1481 producent
1202 1411 1456 1483 lucernae,

653 1482 808 1540 Dum
845 1483 1048 1542 rediens
1084 1483 1244 1555 fugat
1281 1485 1416 1541 astra
1451 1482 1708 1542 Phoebus,

404 1622 2041 1660 mmm

409 1719 728 1769 Consulatum
746 1720 910 1787 geffit,
938 1721 996 1773 δί
1019 1723 1350 1783 quadriennio
1375 1723 1478 1788 post
1496 1726 1556 1774 de
1585 1723 1746 1774 Gallia
1768 1721 2045 1788 triumpha-

408 1784 504 1833 vit.
536 1791 669 1835 suet.
704 1787 763 1834 in
797 1788 1014 1852 Augusto
1039 1824 1056 1851 ,
1096 1804 1144 1837 c.
1191 1787 1269 1850 58.

473 1848 694 1901 lubente.
741 1853 992 1903 Nimirum
1039 1854 1155 1916 quia
1193 1855 1333 1905 decet
1375 1870 1469 1905 nos
1514 1851 1770 1905 liberalius
1811 1851 1997 1916 epulari
2023 1886 2042 1914 ,

408 1928 466 1966 ut
502 1916 590 1980 ipsi
620 1917 920 1983 gratulemur
963 1939 976 1968 ε
1027 1921 1152 1984 vel,
1186 1921 1300 1982 quia
1331 1920 1522 1971 fortass'e
1553 1920 1656 1984 ipse
1691 1920 1939 1969 Corvinus
1986 1920 2047 1967 ad

409 1994 603 2030 eoenam
644 1983 846 2031 Horatio
884 1986 1185 2035 condixerat.

473 2045 523 2097 8.
558 2046 804 2110 Descende
832 2069 1067 2112 promere.
1090 2051 1446 2100 Hellenismus.
1465 2050 1718 2100 Descende
1753 2064 1807 2098 ut
1825 2064 2045 2115 promas·

475 2128 525 2175 9.
560 2111 848 2165 Socraticis.
883 2119 1090 2165 Socratis
1124 2117 1432 2179 philosophia
1452 2115 1667 2164 severior
1699 2114 1799 2162 fuit
1824 2151 1839 2175 ‚
1877 2117 2052 2163 abhor-

410 2191 528 2226 rens
551 2179 578 2226 h
603 2180 854 2244 voluptate
874 2218 890 2245 ,
912 2182 1158 2231 summum
1189 2185 1378 2239 bonum
1409 2182 1467 2233 in
1496 2181 1678 2230 virtute
1719 2179 1778 2231 81
1800 2180 2046 2229 honestate

355 2275 369 2290 .
408 2243 684 2297 collocans·

481 2324 561 2359 11.
601 2302 961 2372 catonis.⁸Qui
993 2311 1261 2361 Censorius
1302 2324 1640 2378 cognomento
1664 2310 1815 2359 diuus
1847 2309 1914 2359 est
1937 2347 1952 2372 ‚
1991 2308 2050 2361 &e

413 2374 601 2437 priscus
639 2378 945 2440 appellatur,
984 2378 1097 2439 quia
1141 2377 1318 2426 senior»
1345 2377 1445 2426 fuit
1485 2381 1673 2425 Catone
1719 2376 1958 2426 Uticenfi.

485 2453 543 2505 13
600 2442 907 2492 Tormenrum
922 2479 937 2505 ,
959 2442 1066 2493 δίε.
1090 2449 1158 2493 Ut
1179 2443 1358 2492 bellica
1384 2456 1632 2493 tormenta
1648 2478 1665 2503 ,
1690 2441 1869 2490 balistae
1888 2477 1903 2503 ,
1922 2443 2052 2491 arie·

413 2517 493 2553 tes
514 2541 532 2568 ,
565 2508 886 2557 admoventur
911 2509 1252 2574 expugnandis
1286 2510 1481 2557 arcibus
1508 2543 1523 2569 ,
1553 2508 1710 2555 muris
1742 2506 2052 2556 subruendis.

412 2570 678 2621 tambinus
712 2573 770 2623 de
805 2575 1147 2636 cruciatibus}
1186 2574 1397 2635 equuleo
1433 2608 1450 2635 ,
1494 2572 1713 2620 fidiculis
1748 2607 1764 2631 ,
1816 2572 2051 2635 exponit,

409 2635 589 2750 Juibus
626 2639 699 2688 rei
739 2654 1031 2701 torquentur
1069 2640 1129 2690 ad
1168 2640 1535 2704 exprimendam
1579 2637 1810 2688 criminin
1851 2636 2052 2686 confes-

435 2715 602 2750 ionem

446 2806 449 2813 .
485 2765 564 2816 18.
602 2765 812 2820 Cornua.
857 2770 976 2820 Vim
1027 2768 1087 2821 &
1132 2775 1283 2821 robur
1308 2770 1493 2821 indicat
1520 2785 1578 2819 ea
1622 2783 1751 2818 vox:
1777 2769 2058 2834 metaphora

420 2830 633 2882 sumitur
665 2836 693 2881 h
731 2836 902 2884 tauris.

476 2907 561 2957 20.
591 2895 795 2966 Apices.
821 2907 1067 2954 Coronam
1091 2939 1107 2968 ,
1148 2903 1366 2953 diadema
1388 2938 1405 2968 ‚
1441 2880 1708 2968 fastigium.

1061 3066 1462 3209 &3233ss
