2269 3773
625 160 804 243 Lib.
863 158 936 243 I.
1003 158 1272 242 Satira
1341 156 1414 241 I.
1672 181 1852 270 ‘257

191 298 418 358 vincit.
469 298 776 358 Patronus
813 293 1105 380 quispiam
1154 291 1212 357 δ’
1236 290 1691 376 Iurisconsultus
1720 291 1854 357 cum

180 388 420 468 primii
466 381 594 447 luce
648 386 817 447 audit
841 385 1071 469 pulsari
1119 382 1264 465 suas
1301 383 1471 466 fores
1519 383 1589 443 ab
1641 385 1853 446 cliente

197 475 318 557 qui
351 469 713 552 consulturus
749 472 938 556 ipfitm
977 477 1153 536 adeat
1176 520 1200 552 ,
1248 472 1644 556 agricolarum
1671 476 1855 535 vitam

201 558 872 647 eſjejbrtunattffimam
900 563 1109 645 censet.
1149 560 1441 645 Agricola
1465 610 1485 639 ,
1530 564 1632 646 qui
1656 559 1852 625 relicJo

198 668 351 710 rure
370 648 486 730 suo
530 651 593 710 in
631 650 828 712 urbem
873 655 1069 713 venire-
1110 654 1385 736 cogitur,
1433 648 1490 711 ft
1533 654 1613 712 ad
1642 648 1852 733 praes·-

199 740 455 800 titutam
503 740 656 800 diem
688 737 927 824 judicio
963 741 1034 822 Je
1069 739 1266 825 fistere
1288 787 1311 818 ,
1365 756 1432 800 ut
1475 740 1631 802 datis
1670 741 1851 802 vadi-

198 826 313 886 hus
350 828 669 913 promisit,
698 826 851 911 solis
896 828 1017 891 illis
1069 830 1207 891 bene
1243 824 1356 912 effe
1389 826 1698 908 clamitat,
1744 830 1848 914 qui

197 917 429 998 degunt
467 918 531 976 in
565 915 724 978 urbe.
764 916 1065 998 Exempla
1103 913 1392 999 ejusmodi
1428 916 1727 979 hominum
1774 921 1846 980 a'e

177 1000 316 1084 sud
346 1002 514 1086 fhrte
561 1009 973 1088 quiritantium
1017 1054 1041 1085 ,
1117 1005 1485 1067 laudantium
1537 1007 1789 1068 alienam
1817 1053 1842 1085 ,

196 1111 334 1153 tam
381 1092 568 1153 multa
577 1090 729 1174 fient
750 1142 772 1174 ,
815 1113 882 1156 ut
906 1094 1008 1155 ille
1048 1091 1171 1176 ipse
1202 1093 1474 1177 garrulus
1520 1090 1578 1155 δ’
1619 1092 1841 1177 loquax

196 1180 429 1244 Fabius
463 1180 548 1263 stt
586 1176 1001 1265 defatigana'us
1026 1228 1047 1259 ,
1089 1180 1145 1265 si
1194 1201 1392 1244 eorum
1438 1183 1590 1243 inire
1634 1203 1841 1244 nume-
1896 1249 1901 1252 ,

203 1289 345 1328 rum
382 1269 542 1332 velit.
592 1272 807 1353 Itaque
843 1271 909 1332 in
944 1270 1018 1331 iis
1069 1268 1429 1350 recensendis
1462 1272 1680 1330 diutius
1721 1292 1840 1334 non

197 1357 617 1435 immorabor,
659 1355 892 1423 tantum
935 1360 1076 1419 audi
1117 1362 1265 1439 quid
1308 1359 1597 1442 affirmare
1638 1359 1837 1440 aufim.

201 1449 519 1507 Ponamus
571 1466 664 1507 eos
729 1446 799 1508 ab
853 1445 1052 1531 aliquo
1115 1447 1254 1507 Deo
1298 1448 1452 1509 hunc
1495 1450 1559 1508 in
1605 1453 1840 1507 modum

198 1533 552 1616 compellari
601 1554 620 1595 .·
664 1536 801 1618 Ego
829 1556 927 1595 vos
951 1552 1245 1615 compotes
1273 1537 1396 1596 voti
1416 1533 1676 1616 faciam,
1726 1552 1788 1594 tu
1809 1581 1834 1612 ,

193 1625 302 1705 qui
347 1621 632 1685 militiam
682 1620 950 1685 lzacYenus
998 1619 1058 1684 ἃ
1100 1620 1252 1683 bella
1292 1620 1527 1704 secutus
1565 1644 1623 1683 es
1646 1670 1669 1701 ,
1711 1622 1835 1703 Ja-

194 1711 317 1771 cies
357 1731 751 1773 mercaturam
793 1730 812 1772 .·
859 1730 960 1790 tu,
1002 1710 1103 1795 qui
1144 1710 1415 1794 Jurtfion
1449 1712 1602 1773 ultus
1652 1732 1781 1772 eras
1806 1761 1832 1792 ‚

180 1799 343 1881 fies,
388 1820 506 1881 per
557 1820 647 1860 me
694 1800 876 1877 licet,
922 1798 1186 1881 agricola
1223 1822 1248 1879 ;
1313 1820 1534 1863 mutate
1572 1820 1831 1882 partes,

197 1882 260 1948 ὃ*
304 1909 378 1948 ex
427 1890 549 1950 una*
602 1888 743 1951 vitre
796 1891 1186 1966 conditione,
1235 1891 1299 1950 in
1342 1890 1527 1952 aliam
1573 1893 1831 1951 commi-

186 1994 383 2058 grate.
432 1977 566 2060 Age
588 1973 738 2057 sane
761 2025 780 2053 ‚
825 1979 967 2062 quin
993 1973 1290 2058 disceditis
1316 1970 1354 2039 ?
1401 1979 1521 2040 Cur
1543 1979 1606 2038 in
1634 1982 1834 2040 eodem

193 2065 439 2127 haeretis
477 2063 709 2149 vestigio
749 2060 788 2129 ?
847 2068 921 2129 Si
964 2067 1094 2148 quis
1119 2110 1143 2141 ,
1195 2067 1434 2149 inquam
1458 2114 1482 2146 ,
1526 2068 1697 2128 Deus
1744 2067 1836 2127 ita

191 2172 324 2213 cum
352 2153 477 2215 illis
517 2171 659 2238 agat
680 2200 703 2231 ,
734 2174 852 2234 pro
883 2174 1040 2217 certo
1070 2150 1252 2214 liabeo
1278 2150 1423 2234 sore
1442 2200 1463 2231 ,
1511 2171 1578 2214 ut
1621 2155 1675 2214 ei
1699 2175 1832 2214 mo·-

191 2262 316 2303 rem
363 2264 565 2326 gerere
603 2242 880 2303 abnuant.
928 2242 1220 2307 Attamen
1246 2245 1311 2303 in
1349 2239 1608 2323 ipsorum
1653 2260 1833 2303 manu

188 2331 276 2415 est
295 2378 319 2407 ,
360 2350 429 2395 ut
442 2328 748 2412 fortunati
762 2332 906 2415 sint.
955 2333 1171 2394 Nonne
1212 2331 1400 2415 igitur
1437 2330 1572 2414 ipfis
1593 2328 1838 2412 Jupiter

184 2414 402 2480 meriti)
424 2416 811 2499 succenseat,
866 2420 1226 2502 affirmetque
1259 2418 1329 2500 se
1377 2441 1495 2482 non
1542 2437 1662 2479 tarn
1705 2416 1831 2498 fac-

173 2503 301 2570 cil>
327 2509 576 2590 posthac
621 2506 884 2591 ipsorum
926 2508 1441 2569 votafauditurum
1469 2502 1507 2569 ?
1546 2506 1689 2589 Ego
1722 2527 1831 2567 ve·

189 2616 258 2657 ro
280 2643 304 2672 ,
347 2615 414 2658 ut
454 2618 571 2658 rem
596 2598 753 2659 tanti
778 2599 1060 2658 momenti
1087 2618 1204 2658 non
1243 2597 1450 2658 leviter
1488 2591 1830 2677 &jocando

176 2684 575 2769 perstringam
600 2734 623 2763 ‚
654 2700 854 2748 eorum
879 2705 1042 2746 more
1065 2732 1088 2763 ,
1132 2687 1234 2770 qni
1262 2707 1347 2747 res
1374 2686 1629 2747 ludicras
1655 2703 1828 2746 trac-

185 2791 364 2852 tant;
408 2795 740 2856 quanquam
772 2771 828 2836 δ’
877 2776 1172 2835 interdum
1211 2774 1354 2836 licet
1393 2778 1700 2837 veritatem
1738 2774 1830 2835 ri·-

184 2863 372 2923 dendo
415 2856 645 2944 aperire
693 2883 712 2925 .·
744 2864 832 2947 fic
873 2863 1138 2946 magistri
1175 2884 1430 2943 pueros,
1483 2867 1640 2926 datis
1670 2861 1825 2943 pla-

184 2952 364 3013 centis
397 2947 456 3013 ἃ
502 2954 764 3034 cupediis
803 2951 1116 3031 alliciunt,
1167 2955 1250 3014 ad
1280 2952 1612 3014 rudimenta
1644 2950 1821 3013 litte-

177 3202 376 3265 generis
412 3201 628 3257 e5usdem
650 3238 665 3263 ,
697 3204 817 3252 hae
837 3238 853 3262 ‚
882 3204 1033 3252 melle
1052 3240 1065 3262 ‚
1098 3204 1235 3254 caseo
1255 3240 1269 3264 ,
1286 3206 1574 3252 saccharove
1597 3205 1816 3268 condita,

180 3281 286 3329 qux
320 3268 350 3315 k
386 3266 648 3318 dulciariis
677 3268 943 3334 pistoribus
986 3270 1325 3321 conficiuntur
1361 3289 1375 3320 ε
1416 3275 1499 3321 des
1531 3273 1769 3336 gateaux·
