2269 3773
488 310 533 346 μ
615 261 791 366 Lib.
853 259 973 345 II.
1035 255 1305 343 Satira
1362 251 1435 339 I.
1681 275 1838 371 351

223 414 448 479 matre,
508 398 598 463 nil
618 443 622 447 -
647 394 810 484 aequ}
870 414 1035 461 amat
1079 416 1151 459 ac
1193 390 1525 480 pugilatum
1550 430 1570 468 ,
1631 380 1689 445 e>
1722 406 1853 467 pu-

217 508 366 573 gnos
415 486 676 575 caestibus
717 506 996 550 armato&
1046 489 1206 568 Quot
1240 481 1540 555 homines,
1586 490 1679 537 tot
1703 472 1858 555 fen-

229 576 592 659 tentioesunt
611 572 1126 661 propenfioncsque
1172 567 1434 651 diversa’.
1482 567 1617 650 Ego
1646 583 1719 622 ex
1746 563 1859 624 hac

224 683 343 724 una
371 684 467 743 re,
501 663 712 748 fateor
732 712 754 745 ,
791 664 1144 747 voluptatem
1173 660 1231 725 θ’
1258 652 1520 741 fruc7um
1558 655 1729 740 capio
1749 698 1771 729 2
1804 651 1862 737 fi

228 771 432 833 nempe
477 775 639 816 voces
680 757 934 818 numeris
982 775 1051 816 ac
1100 753 1274 814 certis
1295 745 1539 832 pedibus
1578 742 1857 827 alligem,

226 858 387 928 more
425 860 598 927 atque
640 844 904 928 instituto
952 840 1226 919 Lucilii,
1276 841 1378 922 qui
1427 852 1676 919 utroque
1701 828 1862 922 ¹nos--

204 927 385 1000 ,trum
431 933 644 995 melior
672 934 766 995 vi?
793 927 945 1014 ficit.
988 931 1103 996 Ille
1144 931 1343 990 omnia
1369 920 1487 1005 sua
1521 942 1740 985 arcana
1778 919 1865 980 li·-

229 1016 347 1079 l’t‘iS
366 1056 383 1086 5
417 1019 504 1102 fic
527 1040 804 1105 tanquam
825 1020 973 1103 fidis
998 1021 1205 1082 amicis
1217 1065 1239 1097 ,
1282 1011 1718 1090 committebat,
1750 1030 1863 1071 ne·-

137 1154 140 1159 .
228 1125 339 1190 que
367 1105 633 1191 studium
678 1104 1057 1189 &scribendi
1105 1124 1345 1189 operam
1395 1098 1861 1176 intermittebat,

230 1213 338 1255 aut
391 1193 561 1259 aliud
601 1193 1075 1259 oblec‘lamentum
1121 1192 1476 1276 solatiumve
1535 1186 1867 1273 requirebat

230 1285 297 1345 in
338 1282 642 1366 prosperis
685 1281 1037 1369 adversisque
1087 1280 1248 1343 rebus
1275 1300 1293 1344 .·
1320 1280 1595 1364 quocirca
1634 1279 1697 1340 in
1742 1271 1894 1359 ejus,

215 1368 503 1453 scriptis,
554 1373 714 1458 quafi
750 1374 814 1435 in
859 1372 1057 1457 aliqua
1092 1368 1341 1448 tabella,
1392 1363 1590 1451 quales
1616 1367 1682 1428 in
1712 1383 1866 1425 tem..

221 1461 358 1543 plis*
394 1457 667 1543 appensae
709 1459 835 1523 voti
880 1459 1056 1524 causei
1102 1476 1463 1534 cernuntur,
1519 1470 1690 1515 extat
1737 1467 1867 1514 tota

217 1548 382 1633 senis
408 1550 625 1614 eruditi
642 1549 998 1612 vita‘nativis
1023 1546 1371 1609 adumbrata
1394 1539 1703 1606 coloribus.
1727 1541 1870 1602 Lu·-

234 1637 442 1701 cilium
489 1638 737 1717 imitor,
775 1635 894 1720 five
930 1639 1204 1703 Lucanus
1242 1657 1347 1721 ego
1371 1632 1525 1716 sim,
1557 1631 1679 1715 sive
1715 1626 1867 1711 Ap-

230 1726 395 1792 ulus.
441 1729 578 1789 Hoc
601 1728 754 1788 enim
783 1727 1067 1790 incertum
1092 1725 1209 1810 est,
1250 1725 1392 1807 quia
1436 1717 1713 1802 Venufini
1739 1737 1857 1797 po-

227 1815 470 1901 pulares
533 1814 688 1885 mei,
739 1834 910 1904 agros
969 1816 1032 1877 in
1088 1813 1282 1897 gentis
1329 1808 1627 1895 utriusque
1674 1805 1868 1868 limite

225 1905 449 1992 pofitos
482 1949 502 1983 ,
560 1903 816 1986 kabent;
861 1901 1002 1965 illuc
1047 1903 1260 1965 Romd
1299 1900 1454 1986 mzffi
1485 1939 1504 1968 ‚
1557 1901 1867 1982 postquam

238 1995 497 2057 indidem
541 1991 766 2056 Sabelli
791 1988 1010 2076 expulfi
1033 1985 1287 2071 fuerunt
1308 2036 1330 2068 ,
1385 1981 1869 2069 quemadmodum

236 2081 520 2147 veteribus
564 2079 823 2166 historiis
871 2079 1154 2141 traditum
1197 2079 1291 2161 est.
1343 2078 1505 2142 Nam
1537 2076 1872 2156 providen-

234 2175 376 2237 dum
406 2168 537 2252 filit
579 2188 650 2232 ne
686 2168 793 2232 illa
828 2186 972 2249 pars
1015 2165 1222 2229 Italic-v
1247 2211 1269 2243 ,
1308 2163 1518 2226 incolis
1558 2159 1617 2224 δ’
1644 2160 1868 2246 praefi-

239 2263 344 2325 dio
393 2261 705 2346 destituta,
749 2275 982 2339 pateret
1026 2254 1273 2340 hostium
1314 2249 1727 2332 incursionibus
1770 2247 1877 2333 :fi

240 2352 535 2414 accideret
575 2345 642 2417 ut
695 2344 925 2430 Appuli
970 2362 1073 2407 ant
1116 2343 1346 2408 Lucani
1386 2339 1595 2402 bellum
1640 2345 1871 2406 identi-

241 2441 375 2502 dem
423 2432 720 2507 Rdmanis
774 2430 1108 2515 inferrent,
1171 2426 1485 2512 Venufinos
1534 2425 1653 2491 illis
1704 2429 1873 2512 obji-

240 2531 300 2591 ci
322 2575 344 2607 ,
388 2523 425 2588 a*
455 2525 657 2609 quibus
700 2541 1146 2597 coercerentur,
1193 2517 1473 2600 oportuit.
1527 2520 1613 2582 Ut
1654 2539 1721 2581 ut
1744 2522 1867 2603 est,

243 2619 335 2678 ita
357 2608 651 2679 Lucilium
680 2610 960 2673 imitabor
980 2660 1000 2690 ,
1027 2626 1093 2670 ut
1113 2607 1340 2670 Satiroe
1365 2625 1508 2670 meoe
1532 2608 1875 2672 mortalium

244 2700 532 2768 neminem
577 2695 860 2783 Iaceſjbnt
888 2697 1104 2783 sponte
1140 2714 1161 2756 .·
1205 2715 1346 2759 utar
1392 2695 1512 2758 illis
1537 2693 1770 2761 tantum
1795 2698 1881 2759 ad

246 2806 435 2856 meam
498 2789 880 2873 defensionem
909 2837 930 2868 ,
979 2806 1047 2849 ut
1081 2786 1284 2871 gladio
1340 2785 1557 2869 vaginci
1602 2782 1873 2868 incluso,

247 2901 417 2967 quem
467 2880 624 2942 nihil
656 2880 738 2963 est
798 2896 904 2938 cur
963 2878 1201 2935 educere
1256 2872 1424 2934 velim
1452 2920 1474 2952 ,
1518 2870 1572 2955 fi
1614 2875 1874 2936 latrones

245 2968 437 3032 nullos
479 2966 876 3051 reformidem.
935 2966 990 3028 Ο
1033 2963 1272 3044 Jupiter
1315 2963 1613 3024 hominum
1661 2983 1765 3026 rex
1812 2956 1873 3023 G*

235 3076 424 3142 pater
454 3099 473 3128 ‚
535 3060 761 3120 utinam
810 3055 941 3116 ha’c
974 3072 1141 3115 arma
1182 3070 1473 3134 nunquam
1529 3053 1875 3113 infmanum

146 3141 155 3148 ’
227 3144 509 3230 sumam,
548 3145 665 3230 sed
695 3142 931 3206 inutilia
959 3159 1271 3223 maneant,
1321 3161 1388 3202 ac
1417 3137 1677 3224 rubigine
1724 3159 1875 3198 con·-

234 3232 600 3318 sumantur,
642 3251 821 3316 neque
861 3252 952 3292 me
1003 3232 1219 3314 qnietis
1267 3226 1519 3310 &pacis
1543 3223 1878 3308 studiosum

250 3319 559 3409 quisquam
585 3338 889 3407 provocet.
915 3323 1040 3385 Sed
1047 3321 1106 3408 fi
1126 3321 1255 3403 quis
1286 3337 1376 3380 me
1398 3310 1640 3400 laceffat
1663 3358 1685 3394 ,
1721 3313 1882 3398 quod
