<?xml version="1.0" encoding="UTF-8"?>
<!DOCTYPE html PUBLIC "-//W3C//DTD XHTML 1.0 Transitional//EN"
    "http://www.w3.org/TR/xhtml1/DTD/xhtml1-transitional.dtd">
<html xmlns="http://www.w3.org/1999/xhtml" xml:lang="en" lang="en">
 <head>
  <title>
</title>
<meta http-equiv="Content-Type" content="text/html;charset=utf-8" />
  <meta name='ocr-system' content='tesseract 3.04.00' />
  <meta name='ocr-capabilities' content='ocr_page ocr_carea ocr_par ocr_line ocrx_word'/>
</head>
<body>
  <div class='ocr_page' id='page_1' title='image "./quintihoratiifl08horagoog_0292.png"; bbox 0 0 2269 3773; ppageno 0'>
   <div class='ocr_carea' id='block_1_1' title="bbox 452 233 1656 331">
    <p class='ocr_par' dir='ltr' id='par_1_1' title="bbox 452 233 1656 331">
     <span class='ocr_line' id='line_1_1' title="bbox 452 233 1656 331; baseline 0.001 -3"><span class='ocrx_word' id='word_1_1' title='bbox 452 242 616 328; x_wconf 79' lang='lat'>280</span> <span class='ocrx_word' id='word_1_2' title='bbox 738 307 760 320; x_wconf 80' lang='grc'><em>.</em></span> <span class='ocrx_word' id='word_1_3' title='bbox 850 239 1166 329; x_wconf 74' lang='lat' dir='ltr'>Horatii</span> <span class='ocrx_word' id='word_1_4' title='bbox 1221 233 1656 331; x_wconf 69' lang='lat' dir='ltr'>Satirarum</span> 
     </span>
    </p>
   </div>
   <div class='ocr_carea' id='block_1_2' title="bbox 447 371 2084 1868">
    <p class='ocr_par' dir='ltr' id='par_1_2' title="bbox 447 371 2231 1868">
     <span class='ocr_line' id='line_1_2' title="bbox 544 371 1917 456; baseline 0.002 -24"><span class='ocrx_word' id='word_1_5' title='bbox 544 373 800 432; x_wconf 62' lang='lat' dir='ltr'>Porrecto</span> <span class='ocrx_word' id='word_1_6' title='bbox 832 373 1026 456; x_wconf 65' lang='lat' dir='ltr'>jugulo</span> <span class='ocrx_word' id='word_1_7' title='bbox 1058 371 1332 448; x_wconf 85' lang='lat' dir='ltr'>historias,</span> <span class='ocrx_word' id='word_1_8' title='bbox 1364 375 1600 445; x_wconf 83' lang='lat' dir='ltr'>captivus</span> <span class='ocrx_word' id='word_1_9' title='bbox 1623 391 1708 446; x_wconf 88' lang='lat' dir='ltr'>ut,</span> <span class='ocrx_word' id='word_1_10' title='bbox 1744 372 1917 435; x_wconf 85' lang='lat' dir='ltr'>audit.</span> 
     </span>
     <span class='ocr_line' id='line_1_3' title="bbox 447 445 1917 519; baseline 0 -15"><span class='ocrx_word' id='word_1_11' title='bbox 447 445 890 519; x_wconf 81' lang='lat' dir='ltr'>90.Comminx1t</span> <span class='ocrx_word' id='word_1_12' title='bbox 922 448 1121 503; x_wconf 58' lang='lat' dir='ltr'>lectum</span> <span class='ocrx_word' id='word_1_13' title='bbox 1167 467 1321 517; x_wconf 84' lang='lat' dir='ltr'>potus</span> <span class='ocrx_word' id='word_1_14' title='bbox 1342 491 1356 516; x_wconf 88' lang='lat'>,</span> <span class='ocrx_word' id='word_1_15' title='bbox 1394 448 1640 504; x_wconf 71' lang='lat' dir='ltr'>mensave</span> <span class='ocrx_word' id='word_1_16' title='bbox 1673 446 1917 504; x_wconf 78' lang='lat' dir='ltr'>catillum</span> 
     </span>
     <span class='ocr_line' id='line_1_4' title="bbox 543 515 1991 591; baseline -0.001 -13"><span class='ocrx_word' id='word_1_17' title='bbox 543 518 778 578; x_wconf 78' lang='lat' dir='ltr'>Evandri</span> <span class='ocrx_word' id='word_1_18' title='bbox 808 518 1046 577; x_wconf 81' lang='lat' dir='ltr'>manibus</span> <span class='ocrx_word' id='word_1_19' title='bbox 1074 519 1261 575; x_wconf 85' lang='lat' dir='ltr'>tritum</span> <span class='ocrx_word' id='word_1_20' title='bbox 1298 517 1521 587; x_wconf 75' lang='lat' dir='ltr'>dejecit3</span> <span class='ocrx_word' id='word_1_21' title='bbox 1562 519 1633 576; x_wconf 93' lang='lat' dir='ltr'>ob</span> <span class='ocrx_word' id='word_1_22' title='bbox 1672 515 1806 575; x_wconf 79' lang='lat' dir='ltr'>hanc</span> <span class='ocrx_word' id='word_1_23' title='bbox 1843 539 1991 591; x_wconf 87' lang='lat' dir='ltr'>rem,</span> 
     </span>
     <span class='ocr_line' id='line_1_5' title="bbox 544 589 2084 661; baseline -0.001 -10"><span class='ocrx_word' id='word_1_24' title='bbox 544 593 665 652; x_wconf 87' lang='lat' dir='ltr'>Aut</span> <span class='ocrx_word' id='word_1_25' title='bbox 697 590 927 661; x_wconf 75' lang='lat' dir='ltr'>positum</span> <span class='ocrx_word' id='word_1_26' title='bbox 952 606 1075 647; x_wconf 88' lang='lat' dir='ltr'>ante</span> <span class='ocrx_word' id='word_1_27' title='bbox 1113 591 1232 647; x_wconf 63' lang='lat' dir='ltr'>mea</span> <span class='ocrx_word' id='word_1_28' title='bbox 1255 591 1375 661; x_wconf 81' lang='lat' dir='ltr'>quia</span> <span class='ocrx_word' id='word_1_29' title='bbox 1398 592 1606 661; x_wconf 75' lang='lat' dir='ltr'>pullum</span> <span class='ocrx_word' id='word_1_30' title='bbox 1644 589 1698 645; x_wconf 90' lang='lat' dir='ltr'>in</span> <span class='ocrx_word' id='word_1_31' title='bbox 1729 609 1879 661; x_wconf 83' lang='lat' dir='ltr'>parte</span> <span class='ocrx_word' id='word_1_32' title='bbox 1900 591 2084 650; x_wconf 58' lang='lat' dir='ltr'>carin?</span> 
     </span>
     <span class='ocr_line' id='line_1_6' title="bbox 543 660 1966 733; baseline -0.001 -12"><span class='ocrx_word' id='word_1_33' title='bbox 543 665 767 722; x_wconf 80' lang='lat' dir='ltr'>Sustulit</span> <span class='ocrx_word' id='word_1_34' title='bbox 801 660 1030 718; x_wconf 82' lang='lat' dir='ltr'>esuriens</span> <span class='ocrx_word' id='word_1_35' title='bbox 1052 705 1070 731; x_wconf 87' lang='lat'>‚</span> <span class='ocrx_word' id='word_1_36' title='bbox 1107 661 1282 721; x_wconf 70' lang='lat' dir='ltr'>minus</span> <span class='ocrx_word' id='word_1_37' title='bbox 1323 661 1424 719; x_wconf 88' lang='lat' dir='ltr'>hoc</span> <span class='ocrx_word' id='word_1_38' title='bbox 1456 660 1720 733; x_wconf 86' lang='lat' dir='ltr'>jucundus</span> <span class='ocrx_word' id='word_1_39' title='bbox 1760 662 1966 720; x_wconf 87' lang='lat' dir='ltr'>amicus</span> 
     </span>
     <span class='ocr_line' id='line_1_7' title="bbox 545 732 2068 804; baseline 0.003 -15"><span class='ocrx_word' id='word_1_40' title='bbox 545 736 627 792; x_wconf 65' lang='lat' dir='ltr'>Sit</span> <span class='ocrx_word' id='word_1_41' title='bbox 665 735 836 792; x_wconf 72' lang='lat' dir='ltr'>mihi?</span> <span class='ocrx_word' id='word_1_42' title='bbox 873 732 1022 804; x_wconf 77' lang='lat' dir='ltr'>Quid</span> <span class='ocrx_word' id='word_1_43' title='bbox 1050 733 1279 797; x_wconf 77' lang='lat' dir='ltr'>faciam,</span> <span class='ocrx_word' id='word_1_44' title='bbox 1323 735 1525 791; x_wconf 84' lang='lat' dir='ltr'>furtum</span> <span class='ocrx_word' id='word_1_45' title='bbox 1566 732 1602 789; x_wconf 87' lang='lat' dir='ltr'>fi</span> <span class='ocrx_word' id='word_1_46' title='bbox 1641 732 1862 792; x_wconf 77' lang='lat' dir='ltr'>fecerit?</span> <span class='ocrx_word' id='word_1_47' title='bbox 1892 747 1988 791; x_wconf 85' lang='lat' dir='ltr'>aut</span> <span class='ocrx_word' id='word_1_48' title='bbox 2027 733 2068 794; x_wconf 84' lang='lat' dir='ltr'><strong>fi</strong></span> 
     </span>
     <span class='ocr_line' id='line_1_8' title="bbox 448 803 1980 879; baseline 0.001 -17"><span class='ocrx_word' id='word_1_49' title='bbox 448 803 844 879; x_wconf 75' lang='lat' dir='ltr'>95.Prodiderit</span> <span class='ocrx_word' id='word_1_50' title='bbox 886 805 1160 862; x_wconf 72' lang='lat' dir='ltr'>commissa</span> <span class='ocrx_word' id='word_1_51' title='bbox 1199 804 1340 864; x_wconf 82' lang='lat' dir='ltr'>fide?</span> <span class='ocrx_word' id='word_1_52' title='bbox 1378 804 1693 875; x_wconf 86' lang='lat' dir='ltr'><strong>sponsumve</strong></span> <span class='ocrx_word' id='word_1_53' title='bbox 1726 806 1980 877; x_wconf 67' lang='lat' dir='ltr'>negarit?</span> 
     </span>
     <span class='ocr_line' id='line_1_9' title="bbox 542 876 1992 1007; baseline 0.001 -73"><span class='ocrx_word' id='word_1_54' title='bbox 542 878 711 1007; x_wconf 63' lang='lat' dir='ltr'>gucis</span> <span class='ocrx_word' id='word_1_55' title='bbox 750 879 893 949; x_wconf 82' lang='lat' dir='ltr'>paria</span> <span class='ocrx_word' id='word_1_56' title='bbox 924 876 1029 934; x_wconf 80' lang='lat' dir='ltr'>effe</span> <span class='ocrx_word' id='word_1_57' title='bbox 1062 877 1172 933; x_wconf 85' lang='lat' dir='ltr'>fere</span> <span class='ocrx_word' id='word_1_58' title='bbox 1199 878 1398 949; x_wconf 83' lang='lat' dir='ltr'>placuit</span> <span class='ocrx_word' id='word_1_59' title='bbox 1473 895 1678 949; x_wconf 83' lang='lat' dir='ltr'>cecata,</span> <span class='ocrx_word' id='word_1_60' title='bbox 1715 877 1992 952; x_wconf 85' lang='lat' dir='ltr'>laborant,</span> 
     </span>
     <span class='ocr_line' id='line_1_10' title="bbox 600 946 2067 1021; baseline -0.002 -11"><span class='ocrx_word' id='word_1_61' title='bbox 600 949 694 1010; x_wconf 75' lang='lat' dir='ltr'>um</span> <span class='ocrx_word' id='word_1_62' title='bbox 725 969 946 1009; x_wconf 84' lang='lat' dir='ltr'>ventum</span> <span class='ocrx_word' id='word_1_63' title='bbox 967 948 1033 1005; x_wconf 85' lang='lat' dir='ltr'>ad</span> <span class='ocrx_word' id='word_1_64' title='bbox 1067 968 1255 1007; x_wconf 85' lang='lat' dir='ltr'>verum</span> <span class='ocrx_word' id='word_1_65' title='bbox 1280 952 1388 1007; x_wconf 84' lang='lat' dir='ltr'>est:</span> <span class='ocrx_word' id='word_1_66' title='bbox 1439 946 1617 1020; x_wconf 85' lang='lat' dir='ltr'>ensus,</span> <span class='ocrx_word' id='word_1_67' title='bbox 1653 949 1936 1021; x_wconf 84' lang='lat' dir='ltr'>moresque</span> <span class='ocrx_word' id='word_1_68' title='bbox 1972 969 2067 1007; x_wconf 86' lang='lat' dir='ltr'>re-</span> 
     </span>
     <span class='ocr_line' id='line_1_11' title="bbox 904 1039 1425 1103; baseline 0.002 -26"><span class='ocrx_word' id='word_1_69' title='bbox 904 1039 1148 1103; x_wconf 76' lang='lat' dir='ltr'>pugnant</span> <span class='ocrx_word' id='word_1_70' title='bbox 1166 1064 1184 1090; x_wconf 94' lang='lat'>‚</span> <span class='ocrx_word' id='word_1_71' title='bbox 1412 1043 1425 1054; x_wconf 84' lang='lat'><strong>·</strong></span> 
     </span>
     <span class='ocr_line' id='line_1_12' title="bbox 539 1091 2065 1167; baseline 0 -17"><span class='ocrx_word' id='word_1_72' title='bbox 539 1091 726 1164; x_wconf 87' lang='lat' dir='ltr'>Atque</span> <span class='ocrx_word' id='word_1_73' title='bbox 767 1093 877 1164; x_wconf 87' lang='lat' dir='ltr'>ipsa</span> <span class='ocrx_word' id='word_1_74' title='bbox 918 1092 1150 1162; x_wconf 72' lang='lat' dir='ltr'>utrlitaS,</span> <span class='ocrx_word' id='word_1_75' title='bbox 1188 1092 1314 1162; x_wconf 86' lang='lat' dir='ltr'>justi</span> <span class='ocrx_word' id='word_1_76' title='bbox 1356 1112 1523 1163; x_wconf 86' lang='lat' dir='ltr'>prope</span> <span class='ocrx_word' id='word_1_77' title='bbox 1563 1107 1733 1149; x_wconf 81' lang='lat' dir='ltr'>mater</span> <span class='ocrx_word' id='word_1_78' title='bbox 1771 1100 1861 1167; x_wconf 87' lang='lat'>&amp;,</span> <span class='ocrx_word' id='word_1_79' title='bbox 1903 1092 2065 1164; x_wconf 81' lang='lat' dir='ltr'>aequi.</span> 
     </span>
     <span class='ocr_line' id='line_1_13' title="bbox 545 1163 1805 1237; baseline 0 -17"><span class='ocrx_word' id='word_1_80' title='bbox 545 1164 692 1225; x_wconf 74' lang='lat' dir='ltr'>Cum</span> <span class='ocrx_word' id='word_1_81' title='bbox 725 1165 1091 1237; x_wconf 79' lang='lat' dir='ltr'>prorepserunt</span> <span class='ocrx_word' id='word_1_82' title='bbox 1127 1163 1313 1234; x_wconf 82' lang='lat' dir='ltr'>primis</span> <span class='ocrx_word' id='word_1_83' title='bbox 1351 1163 1595 1221; x_wconf 85' lang='lat' dir='ltr'>animalia</span> <span class='ocrx_word' id='word_1_84' title='bbox 1627 1163 1805 1236; x_wconf 76' lang='lat' dir='ltr'>tetri8‚</span> 
     </span>
     <span class='ocr_line' id='line_1_14' title="bbox 449 1234 2062 1312; baseline -0.003 -15"><span class='ocrx_word' id='word_1_85' title='bbox 449 1238 844 1312; x_wconf 77' lang='lat' dir='ltr'>100.Mutum,</span> <span class='ocrx_word' id='word_1_86' title='bbox 888 1247 941 1295; x_wconf 88' lang='lat'>&amp;</span> <span class='ocrx_word' id='word_1_87' title='bbox 981 1253 1139 1306; x_wconf 82' lang='lat' dir='ltr'>turpe</span> <span class='ocrx_word' id='word_1_88' title='bbox 1166 1256 1323 1306; x_wconf 88' lang='lat' dir='ltr'>pecus</span> <span class='ocrx_word' id='word_1_89' title='bbox 1334 1279 1352 1309; x_wconf 90' lang='lat'><strong>,</strong></span> <span class='ocrx_word' id='word_1_90' title='bbox 1392 1234 1642 1308; x_wconf 85' lang='lat' dir='ltr'><strong>glandem</strong></span> <span class='ocrx_word' id='word_1_91' title='bbox 1661 1279 1679 1309; x_wconf 87' lang='lat'><em>,</em></span> <span class='ocrx_word' id='word_1_92' title='bbox 1710 1252 1872 1308; x_wconf 87' lang='lat' dir='ltr'>atque</span> <span class='ocrx_word' id='word_1_93' title='bbox 1904 1235 2062 1293; x_wconf 87' lang='lat' dir='ltr'>cubi-</span> 
     </span>
     <span class='ocr_line' id='line_1_15' title="bbox 904 1309 1229 1379; baseline -0.003 -13"><span class='ocrx_word' id='word_1_94' title='bbox 904 1309 974 1366; x_wconf 83' lang='lat' dir='ltr'>lia</span> <span class='ocrx_word' id='word_1_95' title='bbox 1011 1324 1229 1379; x_wconf 82' lang='lat' dir='ltr'>propter</span> 
     </span>
     <span class='ocr_line' id='line_1_16' title="bbox 543 1351 2068 1456; baseline -0.001 -16"><span class='ocrx_word' id='word_1_96' title='bbox 543 1382 833 1455; x_wconf 81' lang='lat' dir='ltr'>Unguibus</span> <span class='ocrx_word' id='word_1_97' title='bbox 848 1428 866 1456; x_wconf 91' lang='lat'>,</span> <span class='ocrx_word' id='word_1_98' title='bbox 890 1391 942 1440; x_wconf 66' lang='grc' dir='ltr'>δε</span> <span class='ocrx_word' id='word_1_99' title='bbox 963 1380 1160 1451; x_wconf 85' lang='lat' dir='ltr'><strong>pugnis</strong></span> <span class='ocrx_word' id='word_1_100' title='bbox 1176 1424 1193 1452; x_wconf 88' lang='lat'>,</span> <span class='ocrx_word' id='word_1_101' title='bbox 1216 1351 1335 1436; x_wconf 65' lang='lat' dir='ltr'>&lt;sein</span> <span class='ocrx_word' id='word_1_102' title='bbox 1354 1376 1579 1436; x_wconf 84' lang='lat' dir='ltr'>fustibus</span> <span class='ocrx_word' id='word_1_103' title='bbox 1594 1422 1609 1450; x_wconf 89' lang='lat'>,</span> <span class='ocrx_word' id='word_1_104' title='bbox 1632 1396 1789 1449; x_wconf 83' lang='lat' dir='ltr'>atque</span> <span class='ocrx_word' id='word_1_105' title='bbox 1809 1378 1886 1434; x_wconf 88' lang='lat' dir='ltr'>ita</span> <span class='ocrx_word' id='word_1_106' title='bbox 1906 1400 2068 1449; x_wconf 81' lang='lat' dir='ltr'>porro</span> 
     </span>
     <span class='ocr_line' id='line_1_17' title="bbox 541 1449 1952 1525; baseline -0.003 -13"><span class='ocrx_word' id='word_1_107' title='bbox 541 1454 863 1525; x_wconf 85' lang='lat' dir='ltr'>Pugnabant</span> <span class='ocrx_word' id='word_1_108' title='bbox 893 1451 1085 1520; x_wconf 79' lang='lat' dir='ltr'>armiS‚</span> <span class='ocrx_word' id='word_1_109' title='bbox 1119 1472 1238 1523; x_wconf 85' lang='lat' dir='ltr'>quae</span> <span class='ocrx_word' id='word_1_110' title='bbox 1274 1452 1391 1522; x_wconf 88' lang='lat' dir='ltr'>post</span> <span class='ocrx_word' id='word_1_111' title='bbox 1420 1449 1763 1506; x_wconf 71' lang='lat' dir='ltr'>fabricaverat</span> <span class='ocrx_word' id='word_1_112' title='bbox 1797 1453 1952 1508; x_wconf 86' lang='lat' dir='ltr'>usus:</span> 
     </span>
     <span class='ocr_line' id='line_1_18' title="bbox 541 1520 2061 1600; baseline -0.002 -19"><span class='ocrx_word' id='word_1_113' title='bbox 541 1524 734 1582; x_wconf 87' lang='lat' dir='ltr'>Donec</span> <span class='ocrx_word' id='word_1_114' title='bbox 772 1525 931 1600; x_wconf 82' lang='lat' dir='ltr'>verba</span> <span class='ocrx_word' id='word_1_115' title='bbox 956 1567 973 1593; x_wconf 89' lang='lat'><em>,</em></span> <span class='ocrx_word' id='word_1_116' title='bbox 1012 1524 1201 1595; x_wconf 86' lang='lat' dir='ltr'>quibus</span> <span class='ocrx_word' id='word_1_117' title='bbox 1244 1543 1430 1595; x_wconf 69' lang='lat' dir='ltr'>voces„</span> <span class='ocrx_word' id='word_1_118' title='bbox 1468 1520 1743 1591; x_wconf 80' lang='lat' dir='ltr'>sensusque</span> <span class='ocrx_word' id='word_1_119' title='bbox 1785 1538 2061 1597; x_wconf 82' lang='lat' dir='ltr'>notarent,</span> 
     </span>
     <span class='ocr_line' id='line_1_19' title="bbox 539 1591 1919 1667; baseline 0.001 -17"><span class='ocrx_word' id='word_1_120' title='bbox 539 1594 887 1667; x_wconf 81' lang='lat' dir='ltr'>Nominaque</span> <span class='ocrx_word' id='word_1_121' title='bbox 924 1596 1188 1653; x_wconf 86' lang='lat' dir='ltr'>invenere.</span> <span class='ocrx_word' id='word_1_122' title='bbox 1220 1594 1435 1651; x_wconf 89' lang='lat' dir='ltr'>Dehinc</span> <span class='ocrx_word' id='word_1_123' title='bbox 1471 1592 1707 1650; x_wconf 72' lang='lat' dir='ltr'>absistere</span> <span class='ocrx_word' id='word_1_124' title='bbox 1739 1591 1919 1666; x_wconf 75' lang='lat' dir='ltr'>bellu,</span> 
     </span>
     <span class='ocr_line' id='line_1_20' title="bbox 448 1664 1916 1741; baseline 0.003 -23"><span class='ocrx_word' id='word_1_125' title='bbox 448 1666 793 1740; x_wconf 65' lang='lat' dir='ltr'>105.Oppida</span> <span class='ocrx_word' id='word_1_126' title='bbox 828 1687 1104 1741; x_wconf 83' lang='lat' dir='ltr'>coeperunt</span> <span class='ocrx_word' id='word_1_127' title='bbox 1137 1665 1377 1738; x_wconf 86' lang='lat' dir='ltr'>munire,</span> <span class='ocrx_word' id='word_1_128' title='bbox 1415 1673 1468 1723; x_wconf 73' lang='grc' dir='ltr'>δε</span> <span class='ocrx_word' id='word_1_129' title='bbox 1506 1685 1701 1735; x_wconf 87' lang='lat' dir='ltr'>ponere</span> <span class='ocrx_word' id='word_1_130' title='bbox 1738 1664 1885 1736; x_wconf 86' lang='lat' dir='ltr'>leges</span> <span class='ocrx_word' id='word_1_131' title='bbox 1898 1710 1916 1739; x_wconf 90' lang='lat'><strong>,</strong></span> 
     </span>
     <span class='ocr_line' id='line_1_21' title="bbox 541 1736 1991 1809; baseline 0.001 -15"><span class='ocrx_word' id='word_1_132' title='bbox 541 1737 628 1794; x_wconf 92' lang='lat' dir='ltr'>Ne</span> <span class='ocrx_word' id='word_1_133' title='bbox 664 1737 781 1808; x_wconf 89' lang='lat' dir='ltr'>quis</span> <span class='ocrx_word' id='word_1_134' title='bbox 815 1738 901 1795; x_wconf 84' lang='lat' dir='ltr'>fur</span> <span class='ocrx_word' id='word_1_135' title='bbox 933 1737 1085 1809; x_wconf 83' lang='lat' dir='ltr'>effer,</span> <span class='ocrx_word' id='word_1_136' title='bbox 1124 1760 1227 1796; x_wconf 88' lang='lat' dir='ltr'>neu</span> <span class='ocrx_word' id='word_1_137' title='bbox 1264 1737 1433 1808; x_wconf 87' lang='lat' dir='ltr'>latro,</span> <span class='ocrx_word' id='word_1_138' title='bbox 1471 1756 1575 1794; x_wconf 92' lang='lat' dir='ltr'>neu</span> <span class='ocrx_word' id='word_1_139' title='bbox 1608 1736 1725 1807; x_wconf 90' lang='lat' dir='ltr'>quis</span> <span class='ocrx_word' id='word_1_140' title='bbox 1764 1737 1991 1796; x_wconf 78' lang='lat' dir='ltr'>adulter.</span> 
     </span>
     <span class='ocr_line' id='line_1_22' title="bbox 539 1807 1994 1868; baseline 0 -3"><span class='ocrx_word' id='word_1_141' title='bbox 539 1808 687 1866; x_wconf 88' lang='lat' dir='ltr'>Nam</span> <span class='ocrx_word' id='word_1_142' title='bbox 719 1809 827 1866; x_wconf 89' lang='lat' dir='ltr'>fuit</span> <span class='ocrx_word' id='word_1_143' title='bbox 866 1827 991 1867; x_wconf 87' lang='lat' dir='ltr'>ante</span> <span class='ocrx_word' id='word_1_144' title='bbox 1022 1811 1286 1867; x_wconf 53' lang='lat' dir='ltr'>Hele-nam</span> <span class='ocrx_word' id='word_1_145' title='bbox 1327 1807 1518 1866; x_wconf 85' lang='lat' dir='ltr'>mulier</span> <span class='ocrx_word' id='word_1_146' title='bbox 1560 1807 1830 1867; x_wconf 82' lang='lat' dir='ltr'>teterrirna</span> <span class='ocrx_word' id='word_1_147' title='bbox 1865 1808 1994 1868; x_wconf 82' lang='lat' dir='ltr'>belli</span> 
     </span>
    </p>
   </div>
   <div class='ocr_carea' id='block_1_3' title="bbox 441 1960 2074 1985">
    <p class='ocr_par' dir='ltr' id='par_1_3' title="bbox 441 1960 2074 1985">
     <span class='ocr_line' id='line_1_23' title="bbox 441 1960 2074 1985; baseline 0 1788"><span class='ocrx_word' id='word_1_148' title='bbox 441 1960 2074 1985; x_wconf 95' lang='lat' dir='ltr'> </span> 
     </span>
    </p>
   </div>
   <div class='ocr_carea' id='block_1_4' title="bbox 428 2071 2229 3376">
    <p class='ocr_par' dir='ltr' id='par_1_4' title="bbox 428 2052 2229 2401">
     <span class='ocr_line' id='line_1_24' title="bbox 512 2071 2229 2165; baseline -0.001 -43"><span class='ocrx_word' id='word_1_149' title='bbox 512 2074 594 2126; x_wconf 87' lang='lat'>86.</span> <span class='ocrx_word' id='word_1_150' title='bbox 625 2071 845 2125; x_wconf 62' lang='lat' dir='ltr'>Porrecto</span> <span class='ocrx_word' id='word_1_151' title='bbox 882 2077 1074 2140; x_wconf 76' lang='lat' dir='ltr'>jugulo.</span> <span class='ocrx_word' id='word_1_152' title='bbox 1101 2075 1331 2123; x_wconf 64' lang='lat' dir='ltr'>Produffl</span> <span class='ocrx_word' id='word_1_153' title='bbox 1358 2074 1580 2130; x_wconf 83' lang='lat' dir='ltr'>cervice,</span> <span class='ocrx_word' id='word_1_154' title='bbox 1618 2086 1670 2123; x_wconf 89' lang='lat' dir='ltr'>ut</span> <span class='ocrx_word' id='word_1_155' title='bbox 1693 2071 1853 2120; x_wconf 71' lang='lat' dir='ltr'>soient</span> <span class='ocrx_word' id='word_1_156' title='bbox 1884 2071 1968 2133; x_wconf 87' lang='lat' dir='ltr'>qui</span> <span class='ocrx_word' id='word_1_157' title='bbox 2016 2072 2066 2122; x_wconf 76' lang='lat' dir='ltr'>se</span> <span class='ocrx_word' id='word_1_158' title='bbox 2227 2074 2229 2165; x_wconf 26' lang='grc' dir='ltr'>γ</span> 
     </span>
     <span class='ocr_line' id='line_1_25' title="bbox 442 2138 2062 2200; baseline -0.001 -12"><span class='ocrx_word' id='word_1_159' title='bbox 442 2140 538 2188; x_wconf 77' lang='lat' dir='ltr'>arri</span> <span class='ocrx_word' id='word_1_160' title='bbox 577 2154 667 2188; x_wconf 88' lang='lat' dir='ltr'>unt</span> <span class='ocrx_word' id='word_1_161' title='bbox 708 2142 764 2189; x_wconf 89' lang='lat' dir='ltr'>ad</span> <span class='ocrx_word' id='word_1_162' title='bbox 797 2141 1109 2190; x_wconf 86' lang='lat' dir='ltr'>audiendum.</span> <span class='ocrx_word' id='word_1_163' title='bbox 1154 2140 1242 2189; x_wconf 82' lang='lat' dir='ltr'>Vel</span> <span class='ocrx_word' id='word_1_164' title='bbox 1265 2176 1279 2200; x_wconf 93' lang='lat'>,</span> <span class='ocrx_word' id='word_1_165' title='bbox 1318 2138 1466 2187; x_wconf 85' lang='lat' dir='ltr'>instar</span> <span class='ocrx_word' id='word_1_166' title='bbox 1498 2138 1705 2187; x_wconf 68' lang='lat' dir='ltr'>vistimae</span> <span class='ocrx_word' id='word_1_167' title='bbox 1731 2174 1747 2199; x_wconf 89' lang='lat'>‚</span> <span class='ocrx_word' id='word_1_168' title='bbox 1782 2153 1889 2198; x_wconf 73' lang='lat' dir='ltr'>quae</span> <span class='ocrx_word' id='word_1_169' title='bbox 1924 2153 2062 2186; x_wconf 86' lang='lat' dir='ltr'>mac·</span> 
     </span>
     <span class='ocr_line' id='line_1_26' title="bbox 440 2203 2067 2271; baseline -0.002 -17"><span class='ocrx_word' id='word_1_170' title='bbox 440 2219 527 2254; x_wconf 82' lang='lat' dir='ltr'>tan</span> <span class='ocrx_word' id='word_1_171' title='bbox 561 2222 587 2252; x_wconf 86' lang='lat' dir='ltr'>a</span> <span class='ocrx_word' id='word_1_172' title='bbox 629 2205 855 2271; x_wconf 83' lang='lat' dir='ltr'>jugulum</span> <span class='ocrx_word' id='word_1_173' title='bbox 889 2209 1064 2268; x_wconf 77' lang='lat' dir='ltr'>praebet</span> <span class='ocrx_word' id='word_1_174' title='bbox 1107 2224 1121 2253; x_wconf 71' lang='grc' dir='ltr'><em>τ</em></span> <span class='ocrx_word' id='word_1_175' title='bbox 1162 2203 1390 2254; x_wconf 81' lang='lat' dir='ltr'>molestus</span> <span class='ocrx_word' id='word_1_176' title='bbox 1433 2203 1568 2252; x_wconf 87' lang='lat' dir='ltr'>enim</span> <span class='ocrx_word' id='word_1_177' title='bbox 1610 2205 1839 2251; x_wconf 81' lang='lat' dir='ltr'>recitator</span> <span class='ocrx_word' id='word_1_178' title='bbox 1866 2237 1882 2262; x_wconf 92' lang='lat'><strong>,</strong></span> <span class='ocrx_word' id='word_1_179' title='bbox 1910 2216 1964 2251; x_wconf 88' lang='lat' dir='ltr'>ut</span> <span class='ocrx_word' id='word_1_180' title='bbox 1996 2203 2067 2250; x_wconf 84' lang='lat' dir='ltr'>ait</span> 
     </span>
     <span class='ocr_line' id='line_1_27' title="bbox 428 2269 2060 2335; baseline -0.003 -14"><span class='ocrx_word' id='word_1_181' title='bbox 428 2269 500 2321; x_wconf 78' lang='lat' dir='ltr'>in</span> <span class='ocrx_word' id='word_1_182' title='bbox 543 2286 641 2319; x_wconf 86' lang='lat' dir='ltr'>arte</span> <span class='ocrx_word' id='word_1_183' title='bbox 675 2273 891 2335; x_wconf 61' lang='lat' dir='ltr'>poetica,</span> <span class='ocrx_word' id='word_1_184' title='bbox 921 2269 1062 2320; x_wconf 86' lang='lat' dir='ltr'>versu</span> <span class='ocrx_word' id='word_1_185' title='bbox 1094 2270 1377 2334; x_wconf 86' lang='lat' dir='ltr'>penultimo</span> <span class='ocrx_word' id='word_1_186' title='bbox 1400 2305 1418 2333; x_wconf 91' lang='lat'><em>‚</em></span> <span class='ocrx_word' id='word_1_187' title='bbox 1463 2269 1688 2318; x_wconf 70' lang='lat' dir='ltr'>leston-em</span> <span class='ocrx_word' id='word_1_188' title='bbox 1715 2281 1837 2318; x_wconf 79' lang='lat' dir='ltr'>tenet</span> <span class='ocrx_word' id='word_1_189' title='bbox 1865 2304 1882 2331; x_wconf 87' lang='lat'>,</span> <span class='ocrx_word' id='word_1_190' title='bbox 1927 2269 2060 2317; x_wconf 78' lang='lat' dir='ltr'>occi-</span> 
     </span>
     <span class='ocr_line' id='line_1_28' title="bbox 441 2334 846 2401; baseline 0 -17"><span class='ocrx_word' id='word_1_191' title='bbox 441 2334 600 2398; x_wconf 71' lang='lat' dir='ltr'>ditque</span> <span class='ocrx_word' id='word_1_192' title='bbox 635 2342 846 2401; x_wconf 77' lang='lat' dir='ltr'>legendo.</span> 
     </span>
    </p>

    <p class='ocr_par' dir='ltr' id='par_1_5' title="bbox 508 2396 1997 2465">
     <span class='ocr_line' id='line_1_29' title="bbox 508 2396 1997 2465; baseline -0.001 -16"><span class='ocrx_word' id='word_1_193' title='bbox 508 2413 590 2465; x_wconf 88' lang='lat'>90.</span> <span class='ocrx_word' id='word_1_194' title='bbox 631 2401 844 2452; x_wconf 83' lang='lat' dir='ltr'>Lectum.</span> <span class='ocrx_word' id='word_1_195' title='bbox 880 2399 1065 2450; x_wconf 84' lang='lat' dir='ltr'>Mensae</span> <span class='ocrx_word' id='word_1_196' title='bbox 1100 2401 1451 2448; x_wconf 86' lang='lat' dir='ltr'>accumbebant</span> <span class='ocrx_word' id='word_1_197' title='bbox 1482 2398 1697 2461; x_wconf 74' lang='lat' dir='ltr'>jacentes</span> <span class='ocrx_word' id='word_1_198' title='bbox 1733 2397 1791 2446; x_wconf 87' lang='lat' dir='ltr'>in</span> <span class='ocrx_word' id='word_1_199' title='bbox 1836 2396 1997 2447; x_wconf 66' lang='lat' dir='ltr'>lestis-</span> 
     </span>
    </p>

    <p class='ocr_par' dir='ltr' id='par_1_6' title="bbox 436 2461 2064 2724">
     <span class='ocr_line' id='line_1_30' title="bbox 436 2461 2064 2528; baseline -0.003 -15"><span class='ocrx_word' id='word_1_200' title='bbox 436 2462 443 2472; x_wconf 81' lang='grc'><strong>’</strong></span> <span class='ocrx_word' id='word_1_201' title='bbox 510 2481 566 2528; x_wconf 92' lang='lat'>91</span> <span class='ocrx_word' id='word_1_202' title='bbox 607 2463 849 2517; x_wconf 76' lang='lat' dir='ltr'>Evandri.</span> <span class='ocrx_word' id='word_1_203' title='bbox 887 2466 1109 2516; x_wconf 87' lang='lat' dir='ltr'>Evander</span> <span class='ocrx_word' id='word_1_204' title='bbox 1147 2465 1386 2513; x_wconf 83' lang='lat' dir='ltr'>Arcadum</span> <span class='ocrx_word' id='word_1_205' title='bbox 1421 2479 1503 2512; x_wconf 83' lang='lat' dir='ltr'>rex</span> <span class='ocrx_word' id='word_1_206' title='bbox 1536 2463 1669 2525; x_wconf 87' lang='lat' dir='ltr'>fuit,</span> <span class='ocrx_word' id='word_1_207' title='bbox 1702 2464 1785 2524; x_wconf 89' lang='lat' dir='ltr'>qui</span> <span class='ocrx_word' id='word_1_208' title='bbox 1821 2461 1845 2511; x_wconf 79' lang='grc' dir='ltr'><strong>ἐ</strong></span> <span class='ocrx_word' id='word_1_209' title='bbox 1879 2462 2064 2512; x_wconf 69' lang='lat' dir='ltr'>GraeciA</span> 
     </span>
     <span class='ocr_line' id='line_1_31' title="bbox 443 2526 2061 2590; baseline 0 -14"><span class='ocrx_word' id='word_1_210' title='bbox 443 2527 503 2576; x_wconf 79' lang='grc' dir='ltr'>ἱι</span> <span class='ocrx_word' id='word_1_211' title='bbox 548 2530 739 2579; x_wconf 85' lang='lat' dir='ltr'>Italiam</span> <span class='ocrx_word' id='word_1_212' title='bbox 781 2530 1083 2590; x_wconf 82' lang='lat' dir='ltr'>adveniens,</span> <span class='ocrx_word' id='word_1_213' title='bbox 1121 2530 1180 2579; x_wconf 84' lang='lat' dir='ltr'>in</span> <span class='ocrx_word' id='word_1_214' title='bbox 1217 2529 1443 2578; x_wconf 87' lang='lat' dir='ltr'>Palatino</span> <span class='ocrx_word' id='word_1_215' title='bbox 1487 2543 1655 2577; x_wconf 88' lang='lat' dir='ltr'>monte</span> <span class='ocrx_word' id='word_1_216' title='bbox 1701 2526 1964 2590; x_wconf 86' lang='lat' dir='ltr'>consedit,</span> <span class='ocrx_word' id='word_1_217' title='bbox 2006 2527 2061 2576; x_wconf 77' lang='grc' dir='ltr'>δε</span> 
     </span>
     <span class='ocr_line' id='line_1_32' title="bbox 442 2593 2063 2658; baseline 0.001 -18"><span class='ocrx_word' id='word_1_218' title='bbox 442 2608 557 2642; x_wconf 77' lang='lat' dir='ltr'>cum</span> <span class='ocrx_word' id='word_1_219' title='bbox 586 2598 737 2643; x_wconf 64' lang='lat' dir='ltr'>AEnea</span> <span class='ocrx_word' id='word_1_220' title='bbox 779 2595 941 2646; x_wconf 81' lang='lat' dir='ltr'>foedus</span> <span class='ocrx_word' id='word_1_221' title='bbox 980 2595 1098 2658; x_wconf 89' lang='lat' dir='ltr'>icit,</span> <span class='ocrx_word' id='word_1_222' title='bbox 1140 2593 1280 2643; x_wconf 82' lang='lat' dir='ltr'>mille</span> <span class='ocrx_word' id='word_1_223' title='bbox 1322 2594 1577 2642; x_wconf 83' lang='lat' dir='ltr'>admodum</span> <span class='ocrx_word' id='word_1_224' title='bbox 1619 2594 1764 2641; x_wconf 79' lang='lat' dir='ltr'>annis</span> <span class='ocrx_word' id='word_1_225' title='bbox 1800 2606 2063 2652; x_wconf 84' lang='lat' dir='ltr'>antequam</span> 
     </span>
     <span class='ocr_line' id='line_1_33' title="bbox 442 2657 1664 2724; baseline 0 -20"><span class='ocrx_word' id='word_1_226' title='bbox 442 2658 550 2705; x_wconf 77' lang='lat' dir='ltr'>haec</span> <span class='ocrx_word' id='word_1_227' title='bbox 578 2657 808 2706; x_wconf 85' lang='lat' dir='ltr'>scriberet</span> <span class='ocrx_word' id='word_1_228' title='bbox 836 2660 1082 2710; x_wconf 81' lang='lat' dir='ltr'>Horatius.</span> <span class='ocrx_word' id='word_1_229' title='bbox 1116 2659 1255 2724; x_wconf 81' lang='lat' dir='ltr'>virg.</span> <span class='ocrx_word' id='word_1_230' title='bbox 1296 2666 1434 2710; x_wconf 84' lang='lat' dir='ltr'>vm.</span> <span class='ocrx_word' id='word_1_231' title='bbox 1468 2658 1664 2708; x_wconf 77' lang='lat' dir='ltr'>AEneid.</span> 
     </span>
    </p>

    <p class='ocr_par' dir='ltr' id='par_1_7' title="bbox 438 2719 2064 3032">
     <span class='ocr_line' id='line_1_34' title="bbox 510 2719 2064 2788; baseline -0.001 -17"><span class='ocrx_word' id='word_1_232' title='bbox 510 2734 592 2785; x_wconf 83' lang='lat'>95.</span> <span class='ocrx_word' id='word_1_233' title='bbox 621 2719 867 2788; x_wconf 78' lang='lat' dir='ltr'>Commiffa</span> <span class='ocrx_word' id='word_1_234' title='bbox 885 2725 1008 2786; x_wconf 82' lang='lat' dir='ltr'>fide.</span> <span class='ocrx_word' id='word_1_235' title='bbox 1027 2731 1130 2774; x_wconf 82' lang='lat' dir='ltr'>Suae</span> <span class='ocrx_word' id='word_1_236' title='bbox 1158 2724 1273 2773; x_wconf 79' lang='lat' dir='ltr'>fidei</span> <span class='ocrx_word' id='word_1_237' title='bbox 1296 2723 1556 2774; x_wconf 66' lang='lat' dir='ltr'>commissa.</span> <span class='ocrx_word' id='word_1_238' title='bbox 1589 2719 1750 2771; x_wconf 85' lang='lat' dir='ltr'>Dandi</span> <span class='ocrx_word' id='word_1_239' title='bbox 1775 2722 1912 2770; x_wconf 71' lang='lat' dir='ltr'>enirn</span> <span class='ocrx_word' id='word_1_240' title='bbox 1928 2720 2064 2770; x_wconf 72' lang='lat' dir='ltr'>casm</span> 
     </span>
     <span class='ocr_line' id='line_1_35' title="bbox 440 2786 2061 2853; baseline -0.002 -15"><span class='ocrx_word' id='word_1_241' title='bbox 440 2787 501 2838; x_wconf 72' lang='lat' dir='ltr'>in</span> <span class='ocrx_word' id='word_1_242' title='bbox 534 2788 620 2836; x_wconf 73' lang='lat' dir='ltr'>hac</span> <span class='ocrx_word' id='word_1_243' title='bbox 661 2788 995 2838; x_wconf 83' lang='lat' dir='ltr'>declinatione</span> <span class='ocrx_word' id='word_1_244' title='bbox 1027 2791 1188 2839; x_wconf 86' lang='lat' dir='ltr'>exibat</span> <span class='ocrx_word' id='word_1_245' title='bbox 1222 2788 1344 2837; x_wconf 81' lang='lat' dir='ltr'>olim</span> <span class='ocrx_word' id='word_1_246' title='bbox 1379 2791 1436 2839; x_wconf 86' lang='lat' dir='ltr'>in</span> <span class='ocrx_word' id='word_1_247' title='bbox 1470 2808 1527 2847; x_wconf 83' lang='lat' dir='ltr'>e,</span> <span class='ocrx_word' id='word_1_248' title='bbox 1573 2787 1628 2838; x_wconf 84' lang='lat'>&amp;</span> <span class='ocrx_word' id='word_1_249' title='bbox 1663 2787 1918 2853; x_wconf 76' lang='lat' dir='ltr'>genitivus</span> <span class='ocrx_word' id='word_1_250' title='bbox 1966 2786 2061 2834; x_wconf 80' lang='lat' dir='ltr'>ali·</span> 
     </span>
     <span class='ocr_line' id='line_1_36' title="bbox 441 2851 2063 2920; baseline -0.001 -20"><span class='ocrx_word' id='word_1_251' title='bbox 441 2854 660 2914; x_wconf 81' lang='lat' dir='ltr'>quando.</span> <span class='ocrx_word' id='word_1_252' title='bbox 697 2853 782 2903; x_wconf 80' lang='lat' dir='ltr'>Sic</span> <span class='ocrx_word' id='word_1_253' title='bbox 814 2854 1054 2920; x_wconf 74' lang='lat' dir='ltr'>Virgilius</span> <span class='ocrx_word' id='word_1_254' title='bbox 1076 2860 1223 2904; x_wconf 74' lang='lat' dir='ltr'>horas·</span> <span class='ocrx_word' id='word_1_255' title='bbox 1259 2856 1369 2916; x_wconf 81' lang='lat' dir='ltr'>die,</span> <span class='ocrx_word' id='word_1_256' title='bbox 1401 2856 1555 2914; x_wconf 83' lang='lat' dir='ltr'>dixit,</span> <span class='ocrx_word' id='word_1_257' title='bbox 1604 2871 1722 2918; x_wconf 80' lang='lat' dir='ltr'>pru,</span> <span class='ocrx_word' id='word_1_258' title='bbox 1764 2851 1864 2901; x_wconf 75' lang='lat' dir='ltr'>aiei</span> <span class='ocrx_word' id='word_1_259' title='bbox 1894 2856 2063 2901; x_wconf 75' lang='lat' dir='ltr'>horas.</span> 
     </span>
     <span class='ocr_line' id='line_1_37' title="bbox 438 2916 2063 2985; baseline -0.001 -19"><span class='ocrx_word' id='word_1_260' title='bbox 438 2922 486 2966; x_wconf 87' lang='lat'>1.</span> <span class='ocrx_word' id='word_1_261' title='bbox 524 2923 709 2984; x_wconf 82' lang='lat' dir='ltr'>Geor-g.</span> <span class='ocrx_word' id='word_1_262' title='bbox 745 2919 870 2970; x_wconf 83' lang='lat' dir='ltr'>vers.</span> <span class='ocrx_word' id='word_1_263' title='bbox 903 2919 1017 2971; x_wconf 82' lang='lat'>208.</span> <span class='ocrx_word' id='word_1_264' title='bbox 1046 2919 1194 2971; x_wconf 80' lang='lat' dir='ltr'>Libra</span> <span class='ocrx_word' id='word_1_265' title='bbox 1227 2920 1304 2969; x_wconf 73' lang='lat' dir='ltr'>die</span> <span class='ocrx_word' id='word_1_266' title='bbox 1331 2920 1579 2985; x_wconf 67' lang='lat' dir='ltr'>somnique</span> <span class='ocrx_word' id='word_1_267' title='bbox 1602 2934 1747 2983; x_wconf 77' lang='lat' dir='ltr'>pares</span> <span class='ocrx_word' id='word_1_268' title='bbox 1781 2918 1862 2965; x_wconf 69' lang='lat' dir='ltr'>utu·</span> <span class='ocrx_word' id='word_1_269' title='bbox 1882 2916 2063 2979; x_wconf 77' lang='lat' dir='ltr'>fecerit</span> 
     </span>
     <span class='ocr_line' id='line_1_38' title="bbox 442 2986 613 3032; baseline -0.006 0"><span class='ocrx_word' id='word_1_270' title='bbox 442 2986 613 3032; x_wconf 75' lang='lat' dir='ltr'>horas.</span> 
     </span>
    </p>

    <p class='ocr_par' dir='ltr' id='par_1_8' title="bbox 436 3044 2062 3303">
     <span class='ocr_line' id='line_1_39' title="bbox 511 3044 2062 3114; baseline -0.001 -20"><span class='ocrx_word' id='word_1_271' title='bbox 511 3044 761 3110; x_wconf 67' lang='lat' dir='ltr'>Sponfiem.</span> <span class='ocrx_word' id='word_1_272' title='bbox 787 3055 911 3098; x_wconf 87' lang='lat' dir='ltr'>Rem</span> <span class='ocrx_word' id='word_1_273' title='bbox 946 3050 1168 3112; x_wconf 82' lang='lat' dir='ltr'>sponsam</span> <span class='ocrx_word' id='word_1_274' title='bbox 1187 3087 1202 3113; x_wconf 92' lang='lat'><strong>,</strong></span> <span class='ocrx_word' id='word_1_275' title='bbox 1239 3050 1291 3099; x_wconf 77' lang='lat' dir='ltr'>id</span> <span class='ocrx_word' id='word_1_276' title='bbox 1306 3050 1372 3098; x_wconf 87' lang='lat' dir='ltr'>est</span> <span class='ocrx_word' id='word_1_277' title='bbox 1392 3088 1406 3113; x_wconf 92' lang='lat'>,</span> <span class='ocrx_word' id='word_1_278' title='bbox 1442 3049 1712 3114; x_wconf 68' lang='lat' dir='ltr'>promissam</span> <span class='ocrx_word' id='word_1_279' title='bbox 1733 3083 1749 3108; x_wconf 89' lang='lat'>‚</span> <span class='ocrx_word' id='word_1_280' title='bbox 1783 3046 1929 3107; x_wconf 85' lang='lat' dir='ltr'>idque</span> <span class='ocrx_word' id='word_1_281' title='bbox 1949 3060 2062 3096; x_wconf 88' lang='lat' dir='ltr'>cum</span> 
     </span>
     <span class='ocr_line' id='line_1_40' title="bbox 437 3110 2062 3175; baseline 0.002 -17"><span class='ocrx_word' id='word_1_282' title='bbox 437 3110 641 3160; x_wconf 74' lang='lat' dir='ltr'>solenni</span> <span class='ocrx_word' id='word_1_283' title='bbox 679 3114 898 3175; x_wconf 66' lang='lat' dir='ltr'>quapiam</span> <span class='ocrx_word' id='word_1_284' title='bbox 945 3115 1001 3165; x_wconf 72' lang='grc' dir='ltr'>δε</span> <span class='ocrx_word' id='word_1_285' title='bbox 1043 3115 1270 3164; x_wconf 63' lang='lat' dir='ltr'>sanctiori</span> <span class='ocrx_word' id='word_1_286' title='bbox 1308 3114 1663 3175; x_wconf 85' lang='lat' dir='ltr'>affirmatione,</span> <span class='ocrx_word' id='word_1_287' title='bbox 1704 3128 1758 3162; x_wconf 88' lang='lat' dir='ltr'>ut</span> <span class='ocrx_word' id='word_1_288' title='bbox 1805 3114 1861 3159; x_wconf 81' lang='lat' dir='ltr'>fit</span> <span class='ocrx_word' id='word_1_289' title='bbox 1900 3126 2062 3158; x_wconf 76' lang='lat' dir='ltr'>coram</span> 
     </span>
     <span class='ocr_line' id='line_1_41' title="bbox 436 3175 2056 3241; baseline 0.001 -20"><span class='ocrx_word' id='word_1_290' title='bbox 436 3175 601 3236; x_wconf 73' lang='lat' dir='ltr'>iudice</span> <span class='ocrx_word' id='word_1_291' title='bbox 638 3195 651 3223; x_wconf 92' lang='lat'>:</span> <span class='ocrx_word' id='word_1_292' title='bbox 694 3177 915 3236; x_wconf 73' lang='lat' dir='ltr'>pafflone</span> <span class='ocrx_word' id='word_1_293' title='bbox 959 3194 1106 3226; x_wconf 83' lang='lat' dir='ltr'>certae</span> <span class='ocrx_word' id='word_1_294' title='bbox 1162 3182 1383 3241; x_wconf 73' lang='lat' dir='ltr'>pecuniae</span> <span class='ocrx_word' id='word_1_295' title='bbox 1440 3179 1702 3241; x_wconf 71' lang='lat' dir='ltr'>aliquando</span> <span class='ocrx_word' id='word_1_296' title='bbox 1753 3175 2056 3239; x_wconf 67' lang='lat' dir='ltr'>interpositi.</span> 
     </span>
     <span class='ocr_line' id='line_1_42' title="bbox 438 3239 1975 3303; baseline 0.008 -18"><span class='ocrx_word' id='word_1_297' title='bbox 438 3239 571 3286; x_wconf 81' lang='lat' dir='ltr'>Hinc</span> <span class='ocrx_word' id='word_1_298' title='bbox 602 3240 839 3302; x_wconf 80' lang='lat' dir='ltr'>sponsor,</span> <span class='ocrx_word' id='word_1_299' title='bbox 870 3256 952 3301; x_wconf 77' lang='lat' dir='ltr'>qur</span> <span class='ocrx_word' id='word_1_300' title='bbox 986 3243 1048 3288; x_wconf 62' lang='lat' dir='ltr'>sac</span> <span class='ocrx_word' id='word_1_301' title='bbox 1081 3244 1343 3303; x_wconf 83' lang='lat' dir='ltr'>promittit.</span> <span class='ocrx_word' id='word_1_302' title='bbox 1968 3264 1975 3269; x_wconf 91' lang='lat'>·</span> 
     </span>
    </p>

    <p class='ocr_par' dir='ltr' id='par_1_9' title="bbox 505 3302 2065 3376">
     <span class='ocr_line' id='line_1_43' title="bbox 505 3302 2065 3376; baseline 0.004 -26"><span class='ocrx_word' id='word_1_303' title='bbox 505 3302 588 3364; x_wconf 71' lang='lat'>96.</span> <span class='ocrx_word' id='word_1_304' title='bbox 620 3302 773 3368; x_wconf 76' lang='lat' dir='ltr'>Queis</span> <span class='ocrx_word' id='word_1_305' title='bbox 795 3339 814 3365; x_wconf 87' lang='lat'><em>,</em></span> <span class='ocrx_word' id='word_1_306' title='bbox 852 3304 956 3357; x_wconf 71' lang='grc' dir='ltr'>ὅτε.</span> <span class='ocrx_word' id='word_1_307' title='bbox 984 3306 1138 3354; x_wconf 80' lang='lat' dir='ltr'>Stoici</span> <span class='ocrx_word' id='word_1_308' title='bbox 1175 3307 1414 3360; x_wconf 78' lang='lat' dir='ltr'>docebant</span> <span class='ocrx_word' id='word_1_309' title='bbox 1444 3310 1614 3376; x_wconf 76' lang='lat' dir='ltr'>omnia</span> <span class='ocrx_word' id='word_1_310' title='bbox 1636 3319 1831 3371; x_wconf 59' lang='lat' dir='ltr'>peecata</span> <span class='ocrx_word' id='word_1_311' title='bbox 1853 3305 1945 3357; x_wconf 75' lang='lat' dir='ltr'>effe</span> <span class='ocrx_word' id='word_1_312' title='bbox 1978 3320 2065 3368; x_wconf 77' lang='lat' dir='ltr'>pa·</span> 
     </span>
    </p>
   </div>
  </div>
 </body>
</html>
