2269 3773
417 225 472 280 2
487 224 521 308 ς
537 196 587 282 6
837 197 1152 281 Horatii
1206 199 1644 283 Satirarum

509 327 605 384 Ille
627 323 764 383 datis
798 326 1019 386 vadibus
1050 327 1142 399 qui
1174 349 1295 386 rure
1337 330 1604 387 extrastus
1630 328 1687 386 in
1708 329 1900 389 urbem
1924 334 2045 396 esti

509 399 666 456 Solos
695 396 868 455 felices
905 399 1142 457 viventes
1182 403 1376 458 clama:
1414 400 1468 455 in
1506 402 1652 461 urbe.

511 470 723 528 Caetera
741 469 805 528 de
838 491 1031 542 genere
1052 469 1189 544 hoc,
1228 471 1360 529 adeo
1382 471 1504 527 sunt
1522 475 1720 545 multa,
1744 476 2029 547 loquacem

505 542 777 600 Delall'are
809 546 988 600 valent
1019 543 1269 600 Fabium·
1307 543 1391 599 Ne
1431 562 1482 600 t:
1524 564 1730 618 morer,
1762 546 1887 604 audi

415 614 653 686 15.Quo
678 636 787 671 rem
822 615 1098 674 deducam.
1136 615 1194 671 Si
1232 615 1349 686 quis
1370 615 1551 688 Deus,
1594 616 1679 675 En
1700 637 1839 690 ege,
1862 618 2040 692 dicat,

507 686 628 743 Jam
661 686 852 743 faciam
891 686 1033 758 quod
1056 686 1220 744 vultis
1237 711 1254 740 .-
1282 687 1382 743 cris
1418 704 1478 743 tu
1500 732 1515 759 ,
1541 687 1635 759 qui
1657 688 1827 747 modo
1846 690 2034 763 mileS,

506 756 806 819 Mercator-3
833 776 894 814 tu
912 804 927 830 ,
967 758 1233 816 consultus
1257 758 1451 830 modo,
1481 759 1699 818 rusticus
1723 785 1735 817 ε
1758 759 1882 820 hinc
1904 783 2036 836 VOS,

505 827 625 886 Vos
663 827 784 885 hinc
822 830 1042 887 mutatis
1074 829 1317 888 discedite
1358 831 1613 901 partibus.
1656 831 1789 905 Eia,

569 899 658 957 uid.
693 901 876 959 statis?
916 902 1102 961 nolint.
1139 902 1315 972 Atqui
1352 901 1473 959 licet
1508 902 1612 959 effe
1646 903 1812 961 beatis

406 989 492 1028 ιο.
568 971 655 1029 uid
689 972 853 1030 causa:
879 976 987 1042 est,
1020 973 1378 1044 meritoquin
1414 973 1517 1030 illis
1549 973 1757 1045 Jupiter
1792 975 1981 1035 ambas

498 1043 668 1104 Iratus
698 1045 883 1101 buccas
922 1046 1107 1117 inflet,
1146 1065 1318 1126 neque
1356 1046 1405 1102 se
1441 1044 1557 1103 fote
1601 1045 1819 1117 posthac

498 1115 645 1173 Tam
677 1115 885 1174 facilem
927 1116 1103 1186 dicat,
1140 1135 1283 1174 votls
1322 1136 1382 1173 ut
1414 1117 1645 1188 praebeat
1688 1124 1912 1179 aurem!

495 1186 789 1258 Ptaetetea,
818 1209 884 1245 nc
923 1189 1021 1256 fic,
1070 1207 1131 1246 ut
1170 1188 1261 1259 qui
1297 1188 1588 1256 jocularia,
1630 1188 1803 1247 ridens

497 1259 839 1321 Percurtam3
878 1281 1185 1331 quanquam
1218 1258 1480 1317 ridentem
1512 1258 1680 1320 dicere
1719 1281 1907 1319 vetum

399 1349 490 1402 ις.
569 1331 658 1390 uid
697 1338 889 1390 vetat?
926 1349 985 1389 ut
1022 1333 1197 1400 pueris
1233 1331 1366 1387 olim
1403 1332 1529 1388 dant
1567 1334 1794 1390 crustula
1832 1332 2022 1391 blandi

554 1406 793 1476 ostoreS,
837 1407 1099 1461 elementa
1138 1403 1305 1462 velint
1346 1422 1404 1461 ut
1437 1402 1629 1461 discere
1662 1403 1835 1474 prima
1857 1428 1873 1458 .-

395 1603 574 1650 volunt
602 1604 630 1649 'a
664 1604 915 1662 vadendo,
951 1603 1077 1663 quod
1111 1602 1152 1649 ii
1195 1601 1278 1662 qui
1311 1601 1427 1649 dant
1466 1602 1610 1649 vades
1633 1637 1648 1660 ,
1686 1603 1896 1650 habeant
1928 1619 2022 1651 va-

395 1668 577 1728 dendi‚
613 1683 707 1728 quo
752 1665 988 1729 libuerit,
1033 1666 1315 1715 facultatem
1339 1683 1353 1728 3
1380 1668 1539 1713 donee
1572 1667 1688 1713 adlit
1724 1668 2024 1728 praestitutus

397 1732 537 1793 dies,
561 1748 656 1791 quo
684 1732 838 1780 sistere
882 1732 930 1780 se
970 1732 1156 1793 judicio
1189 1733 1432 1793 debcant,
1459 1732 1588 1791 quod
1625 1734 1683 1779 ab
1724 1731 1792 1779 iis
1820 1732 2022 1782 facien-

394 1796 510 1843 dum
551 1796 643 1844 ess'e
681 1797 926 1859 spondent
965 1797 1106 1845 vades
1129 1833 1143 1857 ‚
1181 1812 1232 1843 ac
1256 1797 1403 1843 fidem
1449 1795 1579 1843 suani
1603 1832 1618 1855 ‚
1659 1793 1761 1844 imb
1792 1796 2019 1848 fortunas

394 1859 657 1922 aliquando
698 1860 754 1911 δε
788 1877 957 1924 caput,
990 1862 1238 1927 obligant.
1285 1859 1440 1922 Huius
1463 1875 1604 1922 porro
1643 1860 1745 1911 loci
1776 1861 2020 1913 sententia

391 1926 484 1975 effe
511 1927 666 1989 potest
689 1927 886 1989 duplex.
930 1928 1109 1988 Prior,
1149 1926 1410 1992 agricolam
1449 1926 1668 1975 obtuliffe
1704 1928 1851 1977 vades
1876 1963 1892 1990 ,
1930 1929 2017 1990 qui

392 1992 692 2054 sponderent
725 1992 881 2055 ipsum
914 1994 970 2041 in
1011 1993 1198 2055 judicio
1256 1990 1535 2039 adfuturum
1571 1992 1700 2039 certa
1748 1992 1865 2055 die3
1906 2009 2017 2054 quae

381 2058 479 2119 ,ubi
514 2058 711 2107 advenit
734 2094 748 2118 ,
789 2073 871 2105 rus
903 2058 1040 2107 suum
1067 2057 1348 2117 relinquere
1371 2091 1387 2115 ,
1428 2054 1483 2104 &
1509 2060 1678 2104 urbem
1715 2071 1881 2119 petere
1922 2073 2015 2105 co-

388 2123 542 2186 gitur.
574 2122 819 2172 Posterior
838 2159 852 2183 ,
896 2123 1052 2186 ipsum
1090 2138 1245 2171 unum
1274 2121 1361 2168 effe
1385 2136 1439 2167 ex
1466 2122 1668 2169 vadibus
1694 2126 1752 2170 ab
1789 2123 1890 2171 alio
1910 2124 2012 2172 ali-

393 2203 491 2247 quo
517 2189 672 2250 datis,
709 2190 791 2249 qui
816 2189 924 2236 cum
960 2187 1298 2237 vadimonium
1338 2185 1601 2234 deseruerit
1624 2206 1635 2234 :
1663 2188 1876 2250 agricola
1903 2189 2015 2249 eju:

386 2252 504 2301 loco
539 2254 696 2303 fistere
732 2254 780 2303 se
818 2256 1024 2316 debeat,
1053 2268 1133 2302 aut
1168 2253 1224 2299 in
1259 2251 1338 2313 jus
1387 2266 1622 2313 vocetur,
1663 2250 1793 2302 &in
1833 2258 2005 2303 urbem

388 2319 649 2367 abducatur
689 2319 898 2367 invitus.

456 2397 536 2440 14.
559 2382 829 2447 Delaffizre.
856 2384 1007 2433 Valde
1032 2381 1216 2430 laffare.
1235 2379 1478 2429 Particula
1500 2384 1556 2428 de
1587 2380 1835 2430 interdum
1860 2395 2007 2455 auget

383 2445 488 2495 vim
525 2450 832 2512 significandi
872 2450 976 2496 :sse
1021 2449 1280 2509 desaevire,
1331 2446 1396 2493 est
1438 2448 1754 2495 vehementer
1797 2447 2005 2510 saevrre3

384 2518 639 2563 denarrare
662 2549 677 2575 ,
716 2513 782 2561 est
822 2514 1025 2562 studiose
1064 2529 1255 2561 narrare
1280 2548 1297 2573 ,
1349 2510 1452 2559 ὅτε.
1498 2510 1747 2561 interdum
1797 2512 2007 2563 minuit.

447 2576 671 2625 Fabium.
695 2579 950 2626 Garrulum
973 2578 1183 2637 aliquem
1206 2613 1221 2639 ,
1251 2591 1369 2625 tunc
1390 2577 1629 2635 temporis
1655 2582 1779 2625 bene
1806 2591 2005 2639 notum,

380 2640 516 2688 aliud
547 2643 734 2706 agendo
769 2642 943 2703 carpit.
979 2647 1192 2690 Stoicum
1241 2641 1381 2689 fuisse
1425 2639 1775 2703 Philosophum
1810 2642 2007 2701 quidam

379 2707 593 2766 volunt,
624 2708 707 2766 qui
741 2706 848 2766 ejus
875 2705 1005 2753 secla·
1042 2706 1184 2753 effata
1217 2706 1330 2753 satis
1363 2704 1564 2752 verbose
1598 2706 1971 2768 conscripserat.

445 2785 526 2828 17.
564 2769 839 2832 Consanus.
885 2771 983 2830 Qui
1019 2771 1074 2819 de
1133 2771 1238 2832 iure
1293 2769 1554 2833 respondet
1605 2771 2005 2823 consulentibus-

374 2835 787 2897 Iurisconsultus,
827 2836 1104 2885 advocatus-

441 2900 522 2950 81.
558 2898 790 2949 Partibus
834 2901 1056 2949 mutatis.
1102 2901 1212 2948 loco
1257 2916 1439 2949 mutato
1486 2916 1499 2945 ε
1534 2900 1615 2947 vel
1650 2901 1829 2949 mutata
1881 2901 2004 2949 vitae

376 2965 689 3015 conditione.
713 2973 774 3014 In
796 2967 893 3014 vita
913 2967 1092 3027 quippe
1110 3002 1125 3026 ,
1154 2981 1378 3026 tanquam
1398 2967 1453 3015 in
1485 2967 1635 3014 scena
1653 3004 1666 3027 ,
1691 2982 1848 3027 partes
1870 2966 2004 3026 quis·

373 3046 467 3090 que
504 3031 610 3079 suas
650 3031 859 3097 agimuS.
891 3038 1054 3080 Partes
1095 3034 1282 3078 After-is
1330 3034 1596 3090 dicuntur,
1630 3031 1835 3094 persona
1856 3047 1999 3092 quam

369 3094 574 3145 sustinet
601 3131 615 3155 ,
657 3102 698 3144 le
733 3103 885 3155 rolle,
915 3094 1209 3160 perstmnage
1243 3095 1352 3147 d'un
1392 3097 1583 3146 AHeur.

437 3174 520 3210 ιι.
554 3160 742 3209 But-cas
794 3162 923 3226 inflet
954 3162 1108 3208 iratus
1154 3161 1278 3211 illis.
1320 3163 1437 3211 Irati
1464 3198 1478 3223 ‚
1524 3160 1851 3223 minitantes,
1888 3158 2004 3211 &c-

369 3224 533 3272 solent
576 3241 631 3272 os
667 3224 837 3273 inflare
875 3224 931 3274 δε
967 3224 1277 3283 distorqsere.

432 3302 515 3353 25.
552 3287 786 3355 crustula.
835 3291 912 3340 Sic
966 3288 1274 3351 appellantur
1323 3289 1458 3354 liba,
1521 3289 1761 3356 cupedia,
1804 3286 1862 3341 St
1902 3288 2005 3342 alia
