2269 3773
485 219 670 302 Lib.
725 217 844 301 H.
885 218 1175 302 Satira
1234 221 1404 306 III.
1596 226 1756 340 383

138 366 285 416 tunc
311 353 569 435 excepi,
612 371 746 413 cum
769 348 872 411 ille
899 370 989 412 me
1009 350 1289 435 afflic‘lum
1315 356 1540 440 erigens
1559 403 1580 434 ‚
1615 359 1767 436 phi-

132 440 433 524 Iosophiae
458 441 724 524 studium
771 430 1107 539 capcffre,
1173 439 1230 503 δ’
1283 444 1435 505 lzanc
1476 442 1711 503 barbam
1740 491 1765 524 ,

117 526 454 610 sapientiae
479 528 615 613 infit,
591 550 720 610 one,
746 546 974 589 nutrire
981 527 1308 614 persuasit
1335 551 1508 616 atque
1534 528 1572 591 ὰ
1584 551 1771 612 ponte

134 617 422 680 Fabricio
443 617 676 678 domurn
707 617 896 678 redire
913 612 1132 700 Juff
1038 636 1086 678 t
1166 623 1334 703 gravi
1366 620 1568 680 dolore
1586 623 1774 683 animi

129 704 476 766 liberatum.
554 699 740 768 Citm
761 706 915 766 enim
972 704 1050 765 ob
1100 639 1340 790 amiſjas
1367 705 1651 789 fortunas
1699 728 1779 771 ac

144 812 270 855 rem
302 792 674 874 familiarem
709 794 1014 873 perditam
1066 813 1317 857 maerore
1364 794 1646 877 obrutm,
1674 793 1770 859 in

141 902 210 942 eo
269 899 456 980 ponte
510 876 934 968 εοιιβὶιιβξηι,
979 899 1045 941 ιιι
1083 882 1221 943 inde
1264 904 1354 944 me
1394 887 1455 946 in
1506 884 1772 947 Tiberim

145 974 346 1051 capite
408 968 674 1034 obvoluto
722 969 1096 1051 proecipitetn
1141 973 1390 1052 darem,
1437 971 1634 1052 adfuit
1671 973 1774 1037 ille

129 1056 317 1140 felici
357 1055 605 1139 prorsus
638 1056 781 1140 fato
807 1104 828 1137 ,
877 1077 1228 1142 manumque
1291 1060 1725 1141 apprehendens
1751 1081 1773 1125 .·

147 1148 302 1231 quid
344 1147 474 1230 agis
499 1144 537 1209 ?
576 1148 812 1231 inquit,
803 1168 817 1181 ·
853 1148 984 1206 vide
1029 1150 1208 1208 etiam
1246 1165 1416 1229 atque
1442 1150 1672 1228 etiam,
1703 1170 1776 1213 ne

148 1235 300 1319 quid
341 1234 596 1295 alienum
641 1237 748 1295 tud
789 1233 1080 1317 dignitate
1126 1238 1480 1298 committas.
1528 1241 1777 1317 Impro-

147 1322 255 1383 hus
293 1341 467 1407 atque
497 1320 855 1405 inconsultus
873 1324 1076 1400 pudor
1110 1323 1263 1384 hanc
1300 1323 1410 1386 tibi
1440 1326 1780 1407 pra’poste-

149 1430 282 1473 ram
318 1406 672 1496 arceffendoe
718 1416 922 1472 mortis
962 1428 1211 1472 mentem
1257 1409 1486 1496 injecit.
1550 1416 1784 1495 Nempe

148 1502 364 1561 metuis
407 1520 478 1561 ne
502 1516 602 1580 te,
655 1498 726 1559 ob
766 1518 883 1560 rem
912 1494 1063 1560 male
1054 1501 1349 1608 gestam,
1395 1498 1645 1582 insaniae
1666 1522 1780 1563 ac-

151 1584 355 1668 cusent
409 1588 723 1668 homines;
755 1580 1079 1673 quasivero
1121 1610 1240 1649 non
1261 1588 1385 1672 fint
1421 1589 1533 1695 ipst
1555 1610 1784 1674 qnoque

138 1679 387 1757 pariter
415 1673 628 1757 insani.
677 1678 815 1739 Hoc
854 1675 1010 1736 enim
1049 1695 1122 1737 ex
1162 1693 1219 1739 te
1249 1673 1519 1759 primum
1559 1677 1783 1760 scisci-

152 1764 366 1843 tabor,
410 1767 559 1848 quid
581 1763 700 1848 fit
715 1766 950 1825 tandem
999 1761 1309 1847 insanire,
1359 1784 1463 1828 aut
1508 1786 1785 1849 quaenam

152 1852 293 1916 lzuic
339 1874 466 1915 voci
459 1850 735 1936 subjecia
746 1852 830 1938 fit
849 1849 1191 1936 sententia,
1231 1848 1365 1917 ciem
1401 1853 1652 1938 aliquem
1671 1876 1785 1917 νο·-

156 1961 356 2004 camus
400 1941 687 2024 insanum.
746 1943 829 2004 Id
845 1941 904 2025 fi
939 1942 1051 2004 tibi
1088 1946 1192 2005 uni
1237 1945 1544 2005 conveniat
1574 1990 1598 2022 ‚
1659 1962 1787 2004 tum

157 2051 264 2115 ego
310 2031 469 2094 nihil
488 2031 680 2114 causae
711 2033 905 2093 dicam
944 2032 1085 2115 quin
1113 2050 1362 2094 mortem
1388 2029 1638 2113 fortiter
1666 2050 1813 2130 op-,

147 2137 345 2203 petas,
383 2118 526 2203 Age
564 2122 801 2206 igitur:
820 2119 1105 2223 quisquis·
1146 2121 1346 2205 aliquo
1385 2139 1618 2197 errore,
1661 2120 1787 2179 im-

145 2208 525 2291 prudentia,
571 2206 943 2294 ignoratione
982 2211 1293 2287 veritatis,
1335 2208 1429 2270 vel
1468 2165 1789 2307 qual’icutn-

157 2318 269 2381 que
307 2298 579 2359 coecitate
615 2298 831 2359 mentis
857 2294 1132 2378 laborat,
1181 2299 1334 2362 lzunc
1366 2292 1578 2377 filiola
1598 2294 1789 2355 omnis

158 2389 551 2464 Stoicorum,
603 2382 831 2448 auc‘lore
887 2405 958 2446 ac
1017 2387 1161 2448 duce
1225 2385 1546 2470 Chrysippo
1572 2429 1590 2464 ,
1623 2401 1789 2530 prol-

164 2476 403 2536 nuntiat
422 2472 711 2556 insanum.
758 2477 917 2537 Hoec
956 2491 1150 2537 autem
1188 2474 1453 2556 definitio
1487 2469 1545 2532 δ’
1591 2488 1726 2555 regu
1730 2467 1793 2530 Ia

163 2582 285 2625 non
331 2558 506 2624 modo
537 2561 800 2645 plebeios
834 2562 1098 2625 homines
1114 2610 1140 2643 ,
1174 2560 1291 2646 sed
1314 2579 1587 2643 proceres
1610 2559 1797 2621 etiam

167 2670 440 2753 regesque
488 2650 930 2731 comprehendit
959 2697 984 2730 ,
1047 2671 1164 2712 uno
1216 2669 1459 2732 excepto
1496 2647 1791 2733 sapiente.

160 2742 352 2802 Nunc
403 2740 605 2822 itaque
644 2742 785 2802 audi
833 2758 1008 2823 quam
1051 2738 1124 2799 ob
1166 2735 1397 2819 causam
1453 2758 1549 2799 eos
1596 2754 1794 2799 omnes

167 2830 273 2911 qui
311 2847 371 2890 te
399 2825 670 2909 insanum
695 2824 1011 2905 dic‘litant,
1050 2827 1212 2888 haud
1231 2822 1380 2909 sane
1404 2821 1599 2887 minits
1618 2819 1796 2909 quam

169 2934 228 2977 te
273 2912 468 2997 ipsum
509 2915 766 2998 insanire
783 2917 1106 3025 affirmem.
1163 2917 1471 3017 Quomodo
1524 2916 1584 2974 in
1614 2913 1799 2998 [γίια

169 3005 400 3088 ingenti
441 3007 697 3074 tiatores
743 3026 877 3067 cum
916 2998 954 3065 ὰ
1001 3000 1145 3066 rec‘lo
1199 3003 1408 3064 itinere
1441 2993 1796 3086 deflecJunt,

171 3091 290 3154 alii
325 3093 560 3177 quidem
607 3096 689 3156 ad
712 3094 1048 3195 sinistram,
1085 3090 1195 3154 alii
1237 3085 1371 3152 vero
1412 3092 1493 3152 ad
1529 3093 1800 3151 dextram

173 3182 312 3264 vagi
339 3178 673 3274 seruntur,
707 3186 939 3265 utrique
963 3199 1156 3243 tamen
1183 3198 1462 3261 pera’que
1488 3197 1795 3254 exerrant,

173 3268 320 3333 licet
358 3289 478 3333 non
515 3291 631 3336 unu
675 3271 894 3357 modo,
942 3289 1047 3334 nec
1098 3268 1164 3331 in
1206 3268 1404 3330 eadem
1416 3263 1615 3349 sylvae
1642 3265 1801 3328 illius
