2269 3773
596 164 774 246 Lib.
837 162 909 245 I.
974 159 1248 244 Satira
1307 162 1479 247 IV.
1714 174 1875 282 293

238 296 317 372 ei
356 308 487 371 lzoec
530 304 661 389 ipsa
704 324 1067 392 nequaquam
1117 303 1190 366 ab
1247 309 1567 370 communis
1598 303 1891 389 sermonis

239 393 357 478 usu
405 395 601 458 aliena
626 394 777 478 sunt
802 441 824 473 ‚
889 390 948 456 G*
987 396 1391 475 Pomponium
1425 416 1651 478 pater,
1730 419 1747 456 z
1791 399 1892 457 ri-

243 504 444 564 veret,
472 479 787 566 lzaudsan>
811 479 1122 546 levioribus
1144 484 1441 565 acciperet
1461 484 1681 562 verbis,
1716 481 1894 568 quam

224 574 441 660 filium
474 570 650 653 suum
709 571 973 635 larvatus
1018 569 1121 633 ille
1175 573 1239 634 in
1284 575 1513 636 comicd
1548 572 1734 654 scena
1764 591 1894 652 pa-

244 680 362 724 ter.
416 663 560 724 Non
592 661 676 744 est
709 656 1064 745 igiturs'atis
1092 662 1174 720 ad
1194 657 1650 744 consequendum
1676 665 1897 724 Poe‘toe

243 770 462 812 nomen
488 795 512 828 ,
548 749 607 834 fi
651 750 781 832 quis
841 746 1037 830 versus
1095 748 1404 810 molliatur
1449 752 1763 813 concinnos
1823 771 1897 811 ac

159 839 167 844 ’
248 840 478 900 nitidos
506 884 528 915 ‚
581 836 781 918 quibus
806 836 863 920 fi
900 855 1201 898 numerum
1251 839 1479 918 demas,
1506 839 1565 922 fi
1594 834 1895 919 transmu-

248 928 344 989 ¹tes
383 924 592 1005 verba,
636 945 761 988 tum
786 922 1228 1009 testabitstermo
1254 925 1469 1008 fimilis
1500 928 1595 989 illi
1622 949 1734 1009 quo
1762 946 1897 987 ute-

254 1032 426 1076 retur
465 1013 681 1098 aliquis
729 1016 792 1076 in
846 1014 1154 1077 Comoedid
1186 1031 1370 1093 pater
1409 1035 1537 1076 cum
1558 1014 1700 1098 filio
1738 1014 1894 1076 dili-

248 1102 472 1186 tiganS.
524 1104 614 1165 Et
647 1121 780 1176 vero
809 1096 982 1180 sume
1021 1149 1042 1180 ‚
1108 1102 1364 1182 exempli
1410 1105 1588 1165 causti
1621 1150 1640 1182 ,
1702 1102 1899 1183 versus

249 1207 362 1251 aut
408 1190 548 1250 olim
595 1184 633 1250 ὰ
656 1189 895 1253 Lucilio
918 1186 1181 1271 scriptos
1204 1235 1222 1267 ,
1274 1209 1378 1251 aut
1399 1192 1502 1276 qui
1529 1186 1567 1252 ὰ
1594 1212 1687 1252 me
1718 1193 1894 1252 modo

232 1274 630 1360 scribuntur;
674 1280 780 1339 lzos
827 1272 1070 1360 dissolve
1095 1324 1113 1355 ‚
1163 1278 1396 1339 vincula
1430 1280 1646 1358 pedum
1693 1277 1899 1363 quibus

251 1366 660 1449 astringuntur
676 1414 700 1446 ,
745 1386 1012 1427 numeros
1049 1362 1108 1427 ἃ
1148 1382 1366 1426 certam
1383 1364 1757 1450 syllabarum
1784 1369 1896 1428 di·-

251 1453 605 1536 menfionem
635 1501 657 1532 ‚
710 1453 898 1533 tolle;
941 1453 1206 1514 ordinem
1248 1454 1550 1517 verborum
1599 1457 1894 1536 immuta,

252 1543 408 1602 adeo
434 1559 499 1601 ut
543 1561 676 1623 quae
696 1545 900 1621 priore
930 1539 1059 1602 loco
1075 1542 1272 1623 posita
1311 1562 1483 1604 erant
1504 1590 1525 1620 ,
1564 1546 1901 1626 posteriora

237 1629 370 1713 sint
395 1652 420 1706 ;
460 1647 584 1689 tum
616 1628 770 1689 nilzil
805 1628 887 1690 ibi
934 1633 1185 1710 reperies
1208 1626 1536 1711 ejusmodi,
1582 1631 1753 1714 quale
1775 1635 1897 1694 ad-

253 1717 382 1780 lzuc
430 1715 657 1777 extabit
710 1719 775 1777 in
827 1718 1128 1779 Ennianis
1175 1717 1415 1801 verfibus
1452 1765 1476 1796 ,
1549 1721 1774 1805 etiamsi
1820 1723 1903 1787 ad

245 1805 524 1865 'eumdem
572 1805 805 1864 modum
864 1800 1267 1888 diffolvantur.
1327 1808 1400 1870 Si
1460 1808 1615 1866 enim
1657 1806 1783 1889 pro
1828 1831 1895 1872 eo

302 1894 426 1952 uod
475 1888 598 1973 ipfie
656 1893 871 1954 cecinit
925 1911 944 1953 .·
994 1886 1319 1978 Postquam
1369 1888 1695 1957 Discordia
1743 1912 1901 1960 tetra

253 1912 425 2043 {elli
467 1976 729 2044 ferratos
788 1973 987 2065 postes
1052 1974 1375 2067 portasque
1437 1976 1746 2067 refregit,
1785 1986 1843 2065 Ji
1868 2032 1893 2063 ,

258 2069 506 2151 inquam
538 2113 558 2145 ,
603 2069 876 2136 ,ordinem
920 2089 1121 2129 vocum
1180 2071 1450 2127 immutes
1471 2113 1497 2145 ,
1574 2065 1632 2128 G·
1686 2071 1897 2151 dicas,-

243 2147 564 2240 postquam
616 2173 772 2217 tetra
834 2153 1163 2235 Discordia
1225 2153 1469 2238 refregit
1521 2151 1660 2215 belli
1706 2159 1902 2240 postes

243 2244 522 2327 ferratos
570 2262 589 2305 .·
638 2262 778 2306 tunc
838 2243 902 2303 in
953 2243 1078 2306 illis
1125 2242 1287 2325 quasi
1342 2240 1572 2324 divulsis
1631 2244 1903 2307 memhris

258 2334 458 2394 adlzuc
488 2331 1025 2412 manebztpoe'ticus
1049 2328 1338 2413 spiritus,
1382 2326 1441 2393 ἃ
1477 2327 1748 2392 dic‘lionis
1778 2354 1905 2394 ma-

240 2414 439 2504 jestas
484 2439 658 2504 atque
699 2417 1024 2501 amplitudo
1071 2423 1399 2482 Poe'tarum
1440 2421 1714 2499 propria.
1776 2424 1906 2483 Sed

260 2508 401 2571 lzoec
434 2507 557 2592 fint
602 2502 776 2570 modo
809 2507 964 2590 Jatis
1012 2526 1031 2569 .·
1078 2506 1198 2568 alio
1261 2524 1520 2588 tempore
1569 2507 1726 2590 istud
1780 2529 1900 2570 ex-

245 2599 517 2680 pendam
559 2642 581 2673 ,
630 2596 785 2680 fitne
838 2596 1145 2658 Comadca
1190 2616 1388 2658 verum
1445 2615 1518 2655 ac
1577 2595 1902 2680 legitimum

255 2688 524 2767 polima,·
572 2704 724 2746 nunc
767 2685 837 2745 id
871 2703 1048 2745 unum
1081 2686 1421 2746 examinare
1438 2681 1678 2766 placet,
1725 2684 1903 2767 quam

245 2770 398 2859 jure
420 2769 735 2853 satiricum
776 2773 889 2834 lzoc
918 2768 1222 2853 scribendi
1265 2790 1448 2857 genus
1493 2768 1604 2833 tibi
1655 2771 1906 2854 invifitm

245 2861 355 2948 fit.
409 2860 586 2944 Nosti
609 2858 974 2944 accusatores
993 2858 1128 2921 illos
1167 2856 1570 2924 celeberrimos
1587 2908 1609 2938 ,
1638 2861 1905 2924 Saleium

264 2946 330 3012 δ’
373 2950 654 3029 Caprium
679 2997 704 3030 ,
747 2950 850 3034 qui
884 2945 1082 3010 urbem
1115 2947 1328 3013 obeunt
1369 2965 1498 3012 cum
1537 2947 1796 3028 libellis,
1841 2955 1906 3015 in

260 3058 414 3123 quos
457 3057 690 3099 reorum
733 3039 974 3102 nomina
1013 3032 1279 3119 referunt
1320 3035 1379 3100 Ge
1421 3036 1724 3116 crimina3
1762 3043 1905 3122 qui-

261 3148 378 3211 que
405 3127 736 3189 hominibus
761 3146 976 3210 magna
1011 3130 1383 3189 contentione
1421 3125 1757 3208 accusandis
1792 3150 1905 3189 νο-

261 3235 393 3285 cem
408 3217 838 3298 propemodum
855 3216 1262 3299 perdiderunt.
1311 3217 1373 3279 E
1373 3237 1440 3365 Rs
1452 3217 1739 3295 perlzorre
1731 3212 1909 3297 scunt

1480 3322 1547 3367 JV
