2269 3773
392 273 498 386 Q.
537 268 734 352 Hor.
782 265 909 350 Fl.
961 267 1054 349 L.
1092 265 1259 349 IV.
1306 265 1479 349 Ode
1537 263 1610 346 I.
1669 263 1821 375 183

236 589 1872 707 'INTERPRETATIQx

220 759 773 936 QUICUMQUE
816 853 1087 915 Pindaro
1136 854 1200 914 in
1234 855 1563 940 pangendis
1603 853 1828 916 carmi—

209 944 377 1005 nibus
400 961 523 1022 par
543 938 656 1027 effe
680 941 992 1003 'contendit
1015 987 1037 1019 ‚
1076 941 1112 1000 ὂ
1148 942 1276 1003 Iule
1300 989 1322 1021 ‚
1376 944 1450 1004 iis
1492 945 1628 1004 cerd
1653 962 1827 1002 com-

193 1028 391 1112 pactis
407 1076 429 1108 ,
475 1050 602 1092 arte
640 1032 891 1094 Daedali
915 1077 937 1109 ,
982 1030 1092 1091 alis
1130 1030 1273 1092 coelo
1297 1026 1368 1110 fle
1409 1033 1595 1094 credit
1615 1076 1634 1109 ‚
1678 1033 1831 1092 unde

210 1124 278 1182 in
308 1114 629 1201 subjecium
687 1137 849 1183 mare
895 1120 1209 1194 decidens„
1262 1118 1356 1179 illi
1395 1113 1570 1200 suum
1621 1138 1831 1181 nomen

211 1210 497 1289 imponat.
550 1208 890 1285 Pindarus,
933 1208 1116 1291 instar
1133 1205 1351 1289 fluvii,
1392 1203 1422 1267 ὲ
1453 1225 1647 1269 mrnte
1672 1227 1831 1287 pro-

214 1295 545 1372 currentis;
587 1294 686 1377 qni
733 1292 1007 1357 imbribus
1045 1291 1424 1374 intumescens
1446 1293 1632 1377 supra
1678 1314 1832 1354 con-

193 1381 402 1464 suetas
431 1384 587 1464 ripas
623 1380 989 1466 effunditur,
1039 1381 1371 1444 incredibili
1410 1385 1658 1462 quddam
1694 1400 1836 1442 eru·-

214 1473 440 1534 ditione
472 1490 543 1531 ac
568 1468 899 1553 eloquentid
925 1473 1219 1551 praeditus
1244 1473 1326 1557 est
1346 1517 1369 1549 ‚
1422 1473 1540 1554 qud
1568 1489 1837 1553 praeceps

214 1560 284 1620 in
327 1577 553 1622 omnem
581 1575 817 1638 partem
846 1558 933 1618 ita
958 1555 1205 1638 fertur,
1256 1579 1323 1621 ut
1351 1556 1610 1638 fundum
1652 1580 1722 1621 ac
1758 1558 1839 1620 li·-

213 1649 385 1709 mites
427 1643 646 1727 nescire
693 1648 977 1710 videatur.
1052 1646 1281 1730 Ubique
1338 1648 1688 1733 digniffimns
1734 1647 1837 1731 qui

213 1733 381 1797 lauro
427 1728 702 1815 Apollini
745 1730 928 1816 sacrd
983 1754 1334 1817 coronetur,
1367 1737 1488 1822 five
1536 1736 1838 1820 inusitatas

283 2014 336 2050 α..
369 1998 501 2050 Iule.
546 2000 688 2051 Iulus
730 1997 825 2050 iste.
855 2001 1107 2065 Antonius
1136 2039 1152 2065 ‚
1198 2009 1272 2053 M.
1309 2001 1521 2050 Antonii
1568 1999 1835 2049 ‘triumviri

215 2063 382 2127 filius,
418 2064 630 2130 Augusto
663 2081 887 2127 percarus
926 2066 1057 2127 fuit,
1090 2068 1173 2127 qui
1200 2067 1287 2128 ipsi
1309 2068 1489 2114 sororis
1519 2066 1609 2114 suae
1635 2066 1838 2114 oaaviae

214 2127 371 2178 filiam
418 2144 625 2192 nuptum
661 2131 814 2182 dedit.
866 2138 913 2180 Is
964 2146 1127 2179 tamen
1179 2131 1321 2179 initae
1356 2144 1528 2178 contra
1568 2128 1839 2192 Augustum
1901 2154 1907 2165 ι

217 2195 441 2242 eumdem
459 2193 1085 2255 conjurationisaccusatus
1102 2231 1119 2255 ,
1142 2209 1298 2243 morte
1320 2195 1480 2257 postea
1504 2194 1734 2242 multatus
1754 2193 1839 2243 est.

128 2313 137 2320 ,
217 2265 347 2323 Lege
378 2258 628 2308 Velleium
666 2261 1011 2319 Paterculum,
1059 2262 1166 2309 Lib.
1193 2266 1263 2308 11.
1304 2275 1412 2322 cap.
1447 2271 1558 2307 100.
1597 2263 1840 2304 Caeterum

217 2338 393 2371 vocem
428 2321 538 2371 Jule
577 2321 777 2371 duarum
812 2325 901 2373 effe
938 2325 1231 2389 syllabarum
1254 2359 1269 2385 ,
1293 2339 1458 2385 neque.
1485 2340 1607 2386 opus
1635 2323 1840 2384 primam

217 2386 433 2436 litteram
466 2389 616 2435 verbo
653 2390 934 2449 precedenti
976 2390 1051 2452 adj
1092 2407 1123 2436 n
1162 2404 1241 2438 ere
1267 2426 1282 2453 ,
1308 2390 1597 2439 Torrentius
1637 2400 1841 2436 monet:

221 2452 423 2512 vultque
443 2451 733 2500 diminutam
754 2453 847 2502 effe
880 2468 1053 2502 vocem
1075 2455 1104 2501 h
1158 2456 1287 2504 alius
1308 2491 1324 2518 ,
1362 2470 1415 2503 ac
1457 2468 1741 2517 praenomen
1759 2454 1843 2501 es-

218 2516 270 2564 se
303 2515 449 2578 hujus
472 2517 719 2577 Antonii,
756 2519 883 2578 quod
905 2518 1007 2582 ipsi*
1029 2527 1225 2568 Marcus
1246 2521 1498 2568 Antonius
1535 2518 1641 2579 ejus
1674 2532 1836 2582 pater,

222 2581 280 2628 in
311 2581 512 2645 gratiam
528 2586 587 2630 C.
616 2581 734 2631 Iulii
755 2582 980 2642 casaris,
1002 2584 1210 2632 dederit.
1246 2585 1352 2633 Alii
1375 2584 1574 2635 censent
1603 2584 1841 2647 sumptam

222 2646 318 2693 effe
342 2648 400 2693 ab
432 2644 548 2693 Iulo
572 2680 588 2707 ,
629 2648 757 2705 quod
796 2646 994 2698 Ascanii
1029 2655 1197 2698 AEneae
1244 2650 1339 2699 filii
1381 2664 1662 2716 cognomen
1699 2650 1796 2699 fuit
1826 2683 1845 2714 ,

224 2725 281 2757 ac
314 2709 616 2773 trisyllabam
646 2710 858 2761 faciunt.

297 2771 682 2836 Oquaedaleci.
716 2776 944 2825 Daedalus
967 2775 1026 2824 in
1056 2793 1296 2835 carcerem
1335 2779 1510 2829 insulae
1530 2785 1686 2829 Cretae
1707 2815 1723 2841 ‚
1750 2780 1835 2841 qui

221 2839 552 2901 Labyrinthus
586 2841 916 2903 appellabatur
940 2876 956 2903 ‚
997 2843 1243 2903 conjeaus
1261 2881 1277 2907 ,
1312 2861 1369 2892 ex
1390 2860 1449 2892 eo
1471 2846 1687 2893 evolavit
1711 2860 1838 2906 apta·

224 2903 293 2950 tis
330 2903 417 2950 fibi
450 2901 629 2952 &filio
664 2906 749 2954 suo
792 2912 929 2954 Icaro
971 2906 1064 2955 alis
1107 2912 1216 2956 cera
1257 2909 1537 2971 compaftis.
1573 2915 1637 2958 At
1674 2917 1839 2958 Icarus

226 2965 336 3014 cum
388 2968 448 3015 ad
483 2968 635 3017 solem
669 2970 867 3033 propius
922 2971 1136 3020 volando
1201 2975 1477 3036 accessura,
1521 2974 1698 3023 solutis
1754 2991 1842 3022 ca-

226 3031 335 3079 lore
371 3031 500 3080 ceris
520 3032 577 3081 ἀ
612 3036 791 3095 pennis
815 3070 831 3097 ,
861 3036 1043 3084 decidit
1060 3038 1115 3085 in
1149 3040 1301 3102 AEgaei
1324 3040 1474 3087 maris
1494 3054 1674 3101 partem
1692 3074 1706 3099 ‚
1733 3055 1839 3097 quae

228 3100 288 3145 ab
309 3112 373 3144 eo
404 3096 524 3144 dista
545 3099 725 3146 deinde
759 3101 825 3147 est
857 3103 1067 3150 Icarium
1090 3118 1244 3152 mare.
1280 3103 1426 3153 ovid.
1467 3111 1604 3154 VIII.
1634 3112 1840 3157 Metam·

297 3173 348 3224 3.
389 3155 580 3212 Vitrea.
614 3163 767 3212 Instar
809 3165 927 3212 vitri
960 3167 1207 3228 pellucido
1227 3204 1245 3229 ‚
1287 3168 1365 3217 vel
1399 3169 1629 3217 caerulco.

227 3288 250 3345 i
287 3238 342 3300 7:
381 3224 572 3277 Fervet.
604 3231 751 3288 Aquae
798 3231 1001 3279 turbidae
1041 3248 1095 3280 ac
1130 3233 1410 3296 praecipitcs
1452 3233 1653 3281 aestuant
1695 3233 1844 3283 instar

247 3304 389 3355 gnis.

296 3367 380 3408 ιο.
413 3354 791 3423 Dithyrambos.
822 3364 1047 3426 Hymnus
1085 3363 1270 3412 Baccho
1290 3363 1472 3413 sacros
1498 3361 1556 3409 ad
1598 3360 1843 3424 duplicem
