2269 3773
379 180 384 185 ·
452 151 630 235 Lib.
692 149 811 234 II.
875 144 1226 262 Epistola
1287 150 1358 235 I.
1573 175 1723 260 501

67 275 305 348 tantur
349 281 408 346 δ’
468 307 652 373 gazas
700 289 964 348 exoticas
987 333 1010 365 ,
1065 285 1268 371 quibus
1317 283 1478 349 ac'Ior
1520 288 1733 372 aliquis

55 372 359 455 fiedatus
394 379 577 460 magis
601 371 775 459 quam
816 392 1058 437 ornatus
1081 379 1294 456 prodit
1324 379 1387 439 in
1414 376 1727 439 theatrum.

83 462 279 526 Tunc
326 458 614 526 enimvero
663 463 1025 526 acclamatur
1043 467 1254 547 statim
1302 464 1371 526 ab
1422 462 1728 545 omnibus,

77 545 150 610 δ’
206 555 466 634 utraque
530 572 707 614 manu
755 553 1081 634 plauditur.
1150 555 1318 616 Num·
1373 575 1569 614 vocem
1632 553 1736 616 ille

73 635 310 725 szit?
356 639 575 702 nullam
601 641 790 702 adhuc
822 661 840 704 .·
884 661 992 702 cur
1031 661 1167 726 ergo
1198 637 1571 721 plauditur?
1592 643 1741 725 quid

39 725 515 809 ‚fitec'latoribus
574 729 932 812 voluptatem
986 746 1212 791 tantam
1283 728 1461 812 affert
1487 726 1525 792 ,Ρ
1570 732 1737 815 restis

79 819 379 879 nimirum
402 838 700 899 purpurea
724 866 746 897 ,
802 820 1123 880 Tarentino
1142 814 1293 896 fuco
1342 817 1584 880 imbuta.
1636 822 1736 882 Ne

67 924 282 987 porro
331 910 618 993 existimes
642 927 732 967 me
755 909 1040 990 tragicam
1067 906 1285 988 poefim
1310 907 1574 969 laudibus
1594 927 1736 968 ma-

86 993 284 1077 lignis
340 993 595 1073 elevare,
643 989 710 1055 eo
757 993 916 1078 quod
956 995 1092 1056 aliis
1134 993 1356 1077 egregie
1398 996 1561 1055 illam
1620 1016 1736 1055 ex-

91 1080 431 1150 colentibus
461 1083 751 1144 invideam
774 1129 795 1162 ,
824 1099 998 1165 atque
1039 1079 1164 1162 ipse
1202 1082 1271 1142 ab
1329 1086 1526 1144 eadem
1573 1103 1739 1145 trac-

89 1173 291 1233 tanda
329 1168 574 1252 prorsus
619 1169 931 1254 abstineam
963 1175 1180 1251 :poeta
1221 1174 1473 1255 tragicus
1512 1173 1746 1234 videtur

91 1259 259 1321 milti
295 1279 414 1320 rem
461 1259 621 1320 lzaud
643 1261 831 1320 minus
875 1261 1119 1320 arduam
1156 1254 1401 1339 facere,
1441 1258 1613 1343 quam
1638 1261 1743 1343 qui

80 1366 218 1430 per
242 1343 440 1432 restem
477 1348 540 1408 in
565 1350 695 1409 ae‘re
719 1344 1062 1430 suspensam
1111 1347 1343 1410 incedat
1354 1370 1380 1427 ;
1407 1349 1616 1431 quippe
1640 1349 1742 1430 qui

93 1435 269 1498 Izanc
302 1434 669 1517 profiteatur
711 1455 896 1497 artem
947 1432 1013 1498 ut
1049 1436 1305 1496 animum
1368 1452 1556 1497 meum
1602 1456 1741 1495 mo..

96 1540 246 1585 veat
291 1545 361 1586 ac
407 1523 709 1606 perturbet
748 1531 813 1586 in
860 1527 1219 1611 argumentis
1236 1522 1395 1608 ficiis
1417 1573 1439 1603 ,
1483 1522 1540 1587 δ’
1590 1525 1748 1588 nillil

99 1614 196 1673 ad
236 1631 328 1674 me
356 1609 792 1695 ¹fpec‘lantibus;
837 1632 904 1675 ut
948 1634 1040 1675 me
1085 1613 1155 1674 ab
1191 1615 1297 1676 ‘ira
1338 1616 1609 1676 traducat
1666 1617 1750 1676 ad

102 1700 415 1762 lenitatem
447 1750 469 1781 ‚
537 1705 701 1766 inani
763 1720 919 1762 metu
955 1702 1245 1786 percellat
1275 1751 1297 1782 ,
1345 1703 1531 1786 instar
1587 1704 1747 1787 magi

107 1784 367 1872 alicujus
406 1787 465 1852 δ’
502 1790 1008 1876 praestigiatoris:
1056 1812 1128 1853 ac
1174 1786 1348 1852 modo
1395 1810 1486 1850 me
1531 1791 1750 1854 Thebis

110 1875 415 1956 collocet,
456 1876 1117 1965 modoAtlzenisfistat.
1159 1881 1367 1964 Neque
1411 1879 1506 1941 illi
1551 1900 1749 1943 tamen

107 1963 155 2031 ὰ
188 1984 245 2028 te
268 1964 592 2051 negligendi
618 1965 764 2047 sunt
798 1971 998 2047 poie‘tae
1017 2015 1040 2047 ,
1074 1965 1311 2048 Cacsar,
1362 1973 1462 2050 qui
1489 1966 1750 2050 scribere

111 2056 386 2119 carmina
433 2055 674 2139 legenda
718 2054 980 2133 malunt,
1024 2050 1199 2139 quum
1238 2053 1478 2137 fabulas
1516 2055 1555 2117 a*
1599 2054 1751 2138 fas-

114 2139 336 2224 tidion
383 2144 605 2227 populo
655 2140 1002 2225 Jpec‘iandas
1033 2142 1393 2226 componere.
1439 2147 1528 2207 Iis
1568 2145 1754 2226 igitur

114 2236 320 2304 curam
344 2276 364 2310 ‚
409 2253 583 2315 quam
615 2251 945 2311 merentur,
977 2234 1239 2314 impende
1251 2231 1466 2315 saltem
1515 2232 1747 2313 obiter,

121 2319 187 2384 δ’
226 2340 500 2404 quantum
553 2324 849 2405 graviores
891 2341 1013 2384 tuae
1053 2323 1461 2402 occupationes
1491 2321 1685 2405 finent
1725 2337 1749 2383 .·

105 2410 173 2498 fi
214 2414 434 2471 animus
455 2413 538 2498 est
574 2411 815 2491 implere
839 2409 1005 2472 libris
1032 2408 1439 2472 bibliothecam
1462 2457 1484 2488 ‚
1512 2410 1752 2492 dignam

125 2496 410 2581 Apolline
433 2547 455 2577 ,
504 2520 676 2585 quam
730 2498 823 2561 illi
862 2496 1207 2585 consecrasti
1232 2547 1253 2579 ‚
1288 2496 1755 2561 &alacritatem

114 2592 426 2674 poetarum
450 2592 530 2651 ad
543 2586 916 2671 scribendum
963 2608 1168 2651 acuere
1193 2635 1211 2669 ‚
1239 2607 1308 2651 ut
1352 2582 1571 2670 majori
1614 2609 1755 2649 con-

130 2679 384 2741 tentione
429 2682 513 2739 ad
573 2678 853 2762 Parnaffi
899 2677 1126 2742 culmen
1179 2680 1417 2741 evadere
1463 2677 1752 2741 laborent.

132 2765 319 2833 Nobis
359 2766 469 2852 ipfi
496 2768 862 2829 vehementer
893 2785 1163 2829 nocemus
1191 2764 1298 2851 (in
1323 2787 1434 2850 quo
1475 2787 1564 2829 me
1599 2786 1752 2847 pec·

137 3010 256 3060 pro,
291 2992 499 3040 liberare
545 2990 683 3055 gravi
720 2989 867 3050 curin,
908 3002 1010 3036 non
1050 2982 1166 3033 sati's
1195 2983 1364 3033 Latina
1393 3019 1409 3045 ‚
1449 2981 1505 3033 &
1553 2983 1755 3031 Horatio

138 3062 280 3125 digna
316 3060 392 3105 fit.
1520 3113 1532 3124 ι

207 3136 312 3170 220.
343 3120 409 3171 Ut
425 3120 619 3180 vineta,
645 3122 733 3169 &a
761 3127 873 3169 suas
902 3117 1028 3167 vites
1062 3116 1249 3163 caedere
1271 3149 1284 3174 ‚
1308 3116 1617 3176 proverblum
1653 3114 1719 3161 est
1736 3146 1755 3174 ,
1781 3129 1784 3130 ⁷

145 3189 480 3251 usurpaturque
524 3185 577 3233 in
611 3201 696 3233 eos
723 3221 738 3248 ‚
784 3185 866 3245 qui
916 3185 964 3231 se
1005 3182 1091 3244 ipfi
1136 3181 1358 3241 laedunt,
1403 3181 1451 3226 se
1500 3179 1753 3237 accusant,

146 3255 532 3317 reprehendunt,
576 3250 664 3300 fibi
694 3250 806 3315 ipsxs
839 3264 942 3299 non
974 3251 1178 3313 parcunt
1204 3281 1223 3309 ,
1266 3247 1379 3295 dum
1408 3243 1520 3294 aliis
1550 3254 1760 3294 nocent·
