2269 3773
521 223 702 306 Lib.
764 204 849 305 I.'
901 202 1080 305 ode
1133 218 1440 305 XVII.
1707 247 1803 331 55

161 357 348 447 qzm‘m
389 379 518 442 par
567 360 651 444 est
673 408 694 437 ,
729 358 970 436 tollens;
1021 355 1227 438 lingua
1266 358 1453 440 infida
1500 354 1558 418 δ’
1598 379 1812 439 parum

166 470 360 511 tenax
411 468 764 510 arcanorum
787 494 807 529 ‚
873 465 940 506 ac
974 441 1172 525 pecYus
1221 444 1346 527 ipso
1418 447 1570 508 vitro
1628 451 1815 534 magis

153 538 493 619 pellucens.

168 772 308 822 latur
335 807 352 833 ,
394 770 492 832 iam
524 784 632 817 non
679 767 744 816 cst
777 768 897 815 fides
919 803 934 827 ‚
967 768 1050 814 sed
1091 769 1292 829 perfidia
1337 768 1419 818 seu
1451 771 1573 817 fides
1607 771 1712 817 ficia
1752 769 1811 819 δε

169 836 410 899 perversa
440 849 452 878 ε
500 849 607 894 quae
646 846 876 881 arcanum
912 832 1204 895 profundit,
1227 848 1281 881 ut
1305 834 1534 897 prodigus
1560 850 1813 885 nummos.

242 899 576 953 Pet-lucidior.
609 899 667 945 Id
697 896 945 959 perlucere
966 933 982 956 ‚
1005 897 1083 944 seu
1111 899 1360 959 pellucere
1389 934 1402 958 ,
1429 898 1663 947 tralucere
1687 937 1701 959 ,
1728 901 1809 947 d,-

182 966 324 1014 citur
350 955 517 1026 ,'quod
534 964 698 1011 lucem
716 961 947 1022 admittit,
967 963 1085 1009 adeo
1105 977 1159 1010 ut
1171 965 1295 1023 quod
1320 963 1454 1011 intus
1467 962 1532 1011 est
1550 980 1771 1025 appareat
1796 980 1811 1009 ε

179 1033 284 1079 tale
332 1031 400 1078 est
421 1031 605 1078 vitrum
627 1045 648 1086 ,-
680 1025 777 1075 tale
811 1030 973 1088 pestus
1006 1027 1227 1077 bominis
1250 1044 1418 1076 arcana
1448 1027 1810 1090 patefacienti:-

171 1095 502 1159 renueudae,
537 1092 859 1156 transparent.
1554 1098 1559 1101 “

184 1244 1795 1309 ===z====

179 1368 332 1498 B
333 1452 563 1499 IBES
624 1433 786 1496 domi
839 1452 987 1498 meae
1014 1483 1037 1515 ,
1099 1435 1414 1500 Moecenas
1476 1431 1759 1517 cariffime
1783 1417 1817 1517 ,‘

179 1524 441 1605 equitum
478 1524 649 1585 decus
668 1569 690 1601 ,
740 1523 805 1583 in
841 1526 1068 1606 exiguis
1105 1524 1342 1612 cyathis
1365 1571 1390 1603 ,
1430 1525 1626 1586 vinum
1651 1522 1820 1588 haud

171 1614 381 1695 magni
408 1614 637 1692 pretii,
687 1609 912 1672 Sabino
952 1613 1015 1673 in
1041 1632 1182 1696 agro
1211 1631 1415 1674 natum
1440 1659 1463 1691 ‚
1506 1614 1667 1697 quod
1687 1610 1809 1696 ipfit

175 1701 421 1761 condidi
452 1700 517 1760 in
567 1696 750 1782 fic‘lili
823 1700 1110 1781 ampliore}
1175 1702 1396 1769 Graeod
1415 1748 1437 1777 ‚
1517 1696 1682 1784 cnjus
1743 1723 1813 1763 os

162 1787 311 1866 pice
350 1786 620 1869 obduxi,
666 1808 732 1849 eo
766 1803 1022 1870 tempore
1071 1808 1184 1873 quo
1219 1788 1429 1870 populi
1474 1794 1653 1852 totius
1698 1791 1809 1851 in-

169 1877 340 1958 genti
359 1870 576 1958 plausu
613 1893 883 1958 exceptus
911 1896 971 1940 es
997 1926 1019 1957 ,
1061 1871 1200 1939 εὶιηι
1226 1879 1498 1959 prodires
1539 1880 1605 1941 in
1644 1878 1812 1941 thea-

171 1982 335 2025 trum
383 1967 465 2026 ad
490 1961 837 2045 specJandos
886 1964 1054 2029 ludos
1078 2013 1100 2044 ,
1166 1969 1310 2027 adeo
1375 1987 1442 2028 ut
1481 1968 1632 2050 ripae
1687 1968 1812 2030 Ti.-

174 2047 327 2115 beris
356 2053 540 2137 fluvii
603 2054 705 2136 qui
754 2052 824 2113 ab
882 2053 1146 2117 Etrurici
1185 2056 1399 2136 patrici
1456 2058 1562 2117 tud
1608 2055 1765 2140 fluit
1780 2115 1806 2147 ,
1877 2084 1887 2092 ·

173 2138 443 2203 laudibus
486 2142 606 2203 tuis
632 2138 1019 2224 personarent
1040 2190 1062 2222 ,
1116 2163 1325 2228 easque
1367 2142 1546 2205 veluti
1586 2162 1806 2227 gratu-

175 2369 232 2404 cn
269 2371 360 2404 vox
391 2371 479 2418 pro
520 2353 624 2417 ipso
656 2354 868 2402 editiore
897 2353 1011 2401 loco
1032 2353 1090 2403 ὅτ
1122 2368 1348 2418 pegmate
1367 2390 1382 2415 ‚
1405 2354 1490 2404 seu
1516 2353 1809 2403 contabula-

173 2420 345 2482 tione,
392 2419 475 2468 ubi
511 2424 695 2468 actores
727 2418 955 2466 ludorum
998 2434 1156 2480 partes
1188 2418 1295 2468 suas
1329 2424 1555 2484 agebant.

239 2500 290 2542 4.
325 2483 565 2546 Plausus.
601 2483 709 2530 viri
734 2482 920 2545 populo
953 2484 1151 2548 gratiosi
1188 2482 1244 2533 &
1275 2488 1403 2533 bene
1442 2487 1501 2533 de
1533 2493 1658 2548 Rep.
1691 2500 1802 2534 me·

174 2548 261 2598 riti
296 2550 325 2597 a
362 2566 426 2612 po
462 2549 549 2598 ulo
583 2548 727 2596 ludos
761 2546 999 2609 spectante
1043 2547 1212 2597 faustis
1252 2549 1686 2599 acclamationibus
1715 2567 1807 2598 ex·-

176 2615 275 2677 cipi
311 2629 409 2662 eon
433 2627 672 2662 ueverant
694 2626 708 2655 t
744 2612 893 2659 invisi
942 2627 1113 2662 contra
1143 2648 1159 2677 ,
1198 2611 1255 2663 &
1302 2613 1517 2677 improbi
1547 2651 1576 2677 ,.
1614 2615 1770 2665 fibilia
1788 2651 1807 2676 ,

179 2678 237 2728 &
272 2678 456 2726 sinistra
490 2677 957 2728 admurmuratione.

245 2757 292 2803 5.
328 2741 516 2807 Eques.
546 2750 786 2790 Mat-cenas
820 2757 968 2803 eques
1008 2750 1263 2791 Romanus
1301 2741 1399 2791 fuit
1424 2777 1439 2802 ‚
1475 2743 1691 2809 Augusto
1723 2749 1826 2793 ca-*

174 2807 379 2857 riffimus
406 2844 421 2869 ‚
466 2807 549 2868 qui
609 2805 729 2854 licet
774 2808 833 2854 ab
872 2807 1079 2856 Etruriae
1131 2808 1333 2871 regibus
1369 2808 1483 2858 effet
1524 2809 1804 2872 oriundus,

176 2887 228 2921 ut
263 2873 498 2922 Horatius
530 2871 726 2920 testatur
760 2871 864 2919 Ode
900 2886 946 2923 1.
983 2872 1134 2932 hujus
1162 2871 1326 2934 Libri,
1366 2887 1531 2922 tamen
1570 2889 1667 2936 prae
1695 2891 1805 2922 mo-

178 2936 320 2985 destia
360 2937 417 2985 in
454 2935 676 2998 equitum
707 2936 883 2985 ordine
922 2937 1221 2986 constiterat.
1260 2937 1376 2985 Fuit
1418 2953 1579 2987 autem
1617 2939 1674 2987 in
1721 2957 1806 2988 or-

179 3004 351 3049 nandis
390 3018 445 3049 ac
476 3001 840 3063 provehendis,
876 3017 987 3049 cum
1023 3002 1639 3066 omniumdisciplinarum
1667 3019 1801 3064 ‚tum

179 3066 441 3127 praesertim
476 3066 716 3128 po‘e'ticae,
748 3064 1049 3130 cultoribus,
1084 3067 1207 3114 adeo
1241 3068 1521 3132 benignus,
1542 3083 1596 3117 ut
1630 3072 1688 3117 ab
1712 3086 1807 3134 eo,

177 3130 320 3179 etiam
356 3131 505 3179 hodie
526 3166 542 3190 ‚
561 3129 878 3179 studiosorum
905 3131 1098 3193 patroni
1114 3168 1129 3193 ,
1149 3138 1452 3181 Moecenates
1471 3133 1801 3196 appellentur.

235 3210 288 3260 7.
332 3192 570 3245 Vaticani
604 3195 803 3245 montis.
844 3196 1108 3257 Vaticanus
1156 3196 1301 3244 collis
1336 3198 1402 3245 est
1427 3235 1440 3259 ,
1479 3214 1585 3249 non
1628 3202 1802 3261 procul

176 3259 202 3307 h
232 3261 402 3310 Tiberi
433 3260 492 3311 8c
529 3260 755 3310 laniculo
782 3295 796 3321 ,
831 3260 971 3322 supra
1009 3260 1191 3309 molem
1236 3262 1491 3312 Hadriani.
1540 3270 1601 3311 In
1633 3280 1692 3310 eo
1734 3265 1803 3312 est

177 3326 431 3375 conditum
463 3324 750 3375 adnirabile
778 3332 826 3377 S.
868 3326 1006 3375 Petri
1030 3326 1288 3389 templum.
1326 3325 1393 3375 Le
1448 3324 1677 3376 Vatican-

1187 3390 1357 3455 Civ
