2269 3773
499 211 724 302 -Lib.
784 212 904 303 ῙῙ.
969 212 1144 306 Ode
1203 212 1372 308 III.
1600 254 1759 341 149

147 331 425 403 Romulus
461 337 693 399 Martis
730 357 905 399 curru
917 335 1190 420 sublatus
1215 343 1508 427 adsideret
1532 389 1555 421 ,
1604 346 1767 424 inje-

146 451 235 491 νος
275 428 485 515 effugit
506 473 525 504 ‚
567 445 633 484 eo
677 443 937 507 tempore
981 449 1093 512 quo
1129 431 1288 496 Juno
1337 434 1401 492 in
1442 427 1570 514 ejus
1610 453 1765 516 gra-

145 520 278 579 tiam
325 518 656 579 orationem
698 515 850 576 hanc
889 513 1096 579 habuit
1140 520 1202 580 in
1230 516 1539 603 frequenti
1579 522 1763 581 Deo-—

143 624 257 667 rum
294 609 451 670 inter
467 602 538 687 se
563 600 634 684 ste
675 602 1121 668 deliberantium
1164 603 1443 693 conseffit.
1496 604 1765 672 Tandem

144 698 386 759 concidit
427 710 667 777 aequata
684 688 820 773 solo
875 689 1036 777 Toja
1086 712 1105 755 .·
1158 697 1314 759 nilu‘l
1360 699 1431 759 de
1473 695 1614 759 urbe
1636 695 1761 779 -f'a-

143 783 291 866 mosa‘
311 802 547 868 praeter
579 781 802 843 cineres
844 783 1036 867 restat.
1077 786 1217 846 Hoc
1255 787 1495 847 meritus
1527 788 1607 873 est
1642 790 1764 848 im-

134 893 300 953 purus
333 873 434 936 ille
458 866 696 955 judex,
737 870 806 932 in
841 873 1069 952 patrioe
1117 875 1363 937 exitium
1376 872 1517 956 sato
1545 872 1758 957 misero

146 957 195 1021 δ’
225 958 475 1043 luc‘luosb
517 977 691 1021 natus
728 982 744 1022 :
794 958 945 1022 Izanc
982 959 1198 1024 mulier
1240 981 1488 1024 externa
1532 962 1757 1026 cladem

130 1045 243 1128 suis
268 1046 590 1134 hospitibus
615 1049 978 1130 importavit.
1017 1049 1193 1112 Mihi
1217 1044 1352 1112 verb
1379 1048 1436 1113 δ’
1457 1053 1757 1114 Minerroe

130 1135 252 1219 jam
304 1159 425 1205 tum
488 1135 722 1198 addic'Ia
777 1132 968 1219 Troja
1024 1158 1156 1199 cum
1221 1136 1452 1200 civibus·
1508 1137 1566 1202 δ’
1626 1162 1755 1226 rege

132 1226 399 1314 perjuro,
428 1223 568 1312 jam
604 1244 729 1287 tum
764 1227 965 1307 poenis
1000 1227 1192 1310 nostro
1239 1226 1534 1289 arbitratu
1579 1249 1751 1311 repe-

140 1319 312 1379 tendis
367 1318 655 1403 destinata
695 1310 872 1395 fuit,
936 1309 1069 1375 citm
1109 1316 1452 1380 Laomedon
1498 1319 1757 1400 Superos

128 1403 394 1492 promzffo
443 1407 645 1488 pretio
682 1401 1020 1485 fraudavit.
1070 1403 1211 1469 Iam
1259 1402 1451 1466 nullus
1513 1409 1595 1492 est
1648 1405 1754 1467 ille

136 1497 306 1557 Paris
327 1544 347 1575 ,
401 1494 658 1558 Helena·
695 1492 1173 1554 Lacedoemoniae
1221 1494 1560 1555 decantatus
1607 1491 1755 1574 host·

127 1601 224 1662 pes
266 1605 282 1647 .·
330 1604 446 1645 non
487 1580 740 1663 amplius
770 1576 994 1661 scelere
1011 1575 1128 1660 suo
1168 1576 1225 1640 δ’
1271 1581 1559 1644 adulterio
1588 1580 1755 1663 felix

132 1669 500 1755 fhrtunafique
529 1668 772 1753 fruitur
806 1686 825 1729 .·
872 1688 976 1731 nec
1017 1669 1255 1730 Priami
1283 1668 1536 1751 familia
1557 1673 1749 1754 fidem

138 1758 430 1845 obligatam
482 1760 632 1821 Diis
663 1755 886 1839 fallere
919 1753 1108 1838 solita
1129 1806 1153 1838 ‚
1182 1759 1455 1842 strenuos
1505 1763 1750 1825 Groeco·

136 1867 247 1909 rum
283 1852 529 1932 impetus
577 1840 845 1910 Hec‘t'oris
884 1844 1101 1909 viribus
1152 1849 1432 1910 retundit.
1491 1847 1748 1930 Consec-

136 1953 242 1999 tum
288 1941 532 2022 denique
560 1937 644 2020 est
670 1935 879 1996 bellum
925 1934 1079 1995 illud
1101 1981 1119 2012 ‚
1169 1937 1328 2020 quod
1351 1937 1561 2020 nostris
1609 1937 1745 2018 des-

124 2023 279 2106 fidiis·
310 2024 366 2089 ἃ
406 2024 873 2088 contentionibus
913 2018 1144 2085 tamdiit
1175 2044 1563 2108 prorogatum
1594 2041 1742 2086 erar.

132 2114 302 2176 Nihil
344 2117 406 2176 in
443 2109 682 2197 mejam
727 2109 786 2174 δ’
830 2131 1059 2192 morte,
1110 2112 1420 2195 quominus
1465 2115 1585 2173 iras
1609 2116 1749 2195 qui-

133 2199 220 2263 bus
265 2199 496 2284 incenfit
543 2203 808 2287 graviter
853 2218 1059 2263 contra
1096 2195 1412 2283 'Trojanos
1465 2200 1740 2285 ‚hac7enus

122 2286 217 2368 sui
238 2339 259 2370 ‚
311 2294 597 2375 deponam
625 2293 691 2352 in
734 2291 1000 2375 gratiam
1043 2288 1276 2350 Martis
1303 2334 1325 2366 ,
1383 2285 1440 2351 δ’
1485 2293 1748 2375 quamvis

132 2379 403 2443 Romulus
437 2400 597 2442 meus
619 2398 795 2460 nepos
833 2398 900 2438 eo
939 2378 1176 2439 nomine
1199 2376 1351 2439 milti
1374 2377 1459 2461 fit
1484 2376 1740 2460 invisus,

132 2471 253 2548 quia
267 2470 496 2552 genitus
520 2470 603 2555 est
634 2466 699 2531 V
689 2468 809 2554 estd
817 2462 1127 2548 sacerdote
1153 2463 1190 2525 ὰ
1220 2463 1505 2548 Trojanis
1522 2472 1741 2532 oriun-

133 2557 202 2616 dd
218 2604 241 2636 ,
286 2575 480 2619 tamen
529 2556 699 2618 illum
752 2559 992 2618 reddam
1023 2550 1139 2636 suo
1178 2557 1467 2635 parenti,
1522 2553 1580 2619 δ’
1620 2554 1741 2622 ιιη.·“ι

129 2663 245 2704 cum
289 2666 352 2707 eo
404 2643 517 2731 eff'e
557 2646 784 2726 patiar.
856 2647 990 2707 Per
1030 2663 1120 2704 me
1168 2664 1286 2705 non
1308 2645 1541 2729 stabit,
1598 2651 1741 2730 quin

115 2727 441 2812 splendidas
487 2733 779 2816 Superum
836 2736 1074 2798 domos*
1099 2732 1508 2817 ingrediatur,
1566 2732 1623 2797 δ’
1674 2742 1739 2806 in

129 2838 305 2883 eorum
366 2843 673 2885 numerum
731 2841 1039 2905 cooptatus
1061 2868 1085 2900 ,
1152 2818 1419 2903 vest-atur
1464 2821 1689 2889 nec-Ture
1716 2878 1735 2907 ,

128 2910 399 2996 vitamque
403 2909 650 2994 felicem
671 2907 728 2974 δ’
749 2915 939 2975 omnis
948 2909 1418 2993 perturbationis
1442 2934 1737 2995 expertem

127 2998 398 3081 nobiscum
441 3003 601 3063 vivat
630 3020 648 3065 .·
691 3002 1001 3062 dummodo
1034 2995 1226 3080 Troja
1269 2997 1327 3062 δ’
1351 3004 1556 3065 Roma
1580 3009 1736 3092 vasto

130 3081 181 3146 δ’
192 3086 514 3171 procelloso
543 3097 780 3176 aequore'
805 3092 1180 3153 dirimantur.
1227 3091 1538 3171 Romani,
1568 3094 1730 3155 Tro„

117 3169 375 3256 sanorum
393 3179 626 3261 patriae
672 3173 976 3258 ejec'lorum
1003 3175 1218 3261 felices
1262 3178 1532 3265 reliquiae
1558 3226 1577 3258 ,
1624 3184 1736 3242 im·-

115 3268 359 3344 peritent
393 3288 513 3350 per
548 3287 642 3328 me
680 3265 823 3331 licit
846 3315 867 3348 ,
933 3272 996 3330 in
1042 3267 1302 3352 quolibet
1326 3267 1506 3348 ¹orbis
1547 3268 1677 3329 loco
1710 3318 1726 3344 ‚

119 3355 183 3416 td
215 3354 335 3443 lege
377 3374 448 3419 ut
484 3360 754 3440 protervi
789 3378 990 3445 greges
1022 3354 1362 3506 sepuchlzra·
1393 3355 1630 3418 Priami
1676 3355 1734 3416 ὅ*

1302 3461 1368 3527 ¹¹1
