2269 3773
463 232 629 313 150
867 211 973 321 Q.
1036 207 1356 292 Horatii
1417 210 1696 298 Flacci.

556 340 712 397 Dum
746 339 941 411 longus
985 340 1122 399 inter
1152 339 1335 398 saeviat
1370 342 1538 416 Ilion,

558 411 902 484 Romamque
939 430 1172 486 pontus,
1218 412 1457 483 qualibet
1490 414 1670 473 exules

632 484 694 541 In
730 505 877 555 parte
916 503 1182 556 regnanto
1211 484 1389 544 beati:
1452 525 1456 532 -

463 575 553 629 4ο.
711 556 867 615 Dum
903 556 1106 615 Priami
1144 556 1448 629 Paridisque
1478 557 1636 617 busto

559 627 780 688 Insultet
820 646 1152 701 armentum,
1190 637 1245 687 δι
1281 632 1486 688 catulos
1524 630 1652 690 ferae

462 741 465 744 -
563 698 760 760 Celent
789 701 980 759 inultae
1020 724 1034 761 ε
1076 703 1177 757 stet
1219 701 1559 772 Capitolium

636 773 682 830 F
687 776 907 846 ulgenS,
945 775 1110 831 trium
1154 771 1395 846 hatisque
1433 774 1588 845 poffit

711 846 891 903 Roma
923 843 1073 904 ferox
1139 865 1228 914 are
1259 847 1380 916 iura
1419 847 1617 907 Medis.

468 917 849 990 45.Horrenda
885 917 995 975 late
1029 927 1229 976 nomen
1264 917 1318 974 in
1361 919 1580 978 ultimas

567 988 832 1051 Extendat
873 1011 991 1049 oras
1012 1034 1028 1062 ,
1069 989 1178 1063 qua
1217 988 1426 1048 medius
1464 992 1645 1064 liquor

638 1061 876 1121 Secernit
914 1062 1170 1133 Europen
1210 1062 1277 1119 ab
1314 1062 1455 1122 Afro
1479 1108 1495 1132 ‚

714 1134 844 1208 Qua
872 1134 1107 1194 tumidus
1134 1133 1280 1207 rigat
1307 1155 1433 1193 arva
1473 1134 1649 1195 Nilus·
1785 1191 1795 1204 ,

569 1205 787 1264 Aurum
814 1207 1132 1280 irrepertum
1155 1252 1173 1276 ,
1209 1216 1262 1264 &
1296 1205 1363 1263 fic
1410 1210 1605 1267 melius
1640 1206 1800 1268 situm

478 1277 730 1351 5-0.Cum
763 1297 902 1338 terra
933 1281 1098 1354 celat,
1136 1279 1377 1349 spernere
1402 1278 1634 1353 fortior,

646 1352 833 1428 Quam
872 1372 1066 1424 cogere
1100 1351 1368 1410 humanos
1401 1352 1458 1409 in
1500 1353 1647 1424 usu5‚

719 1424 901 1483 Omne
935 1426 1140 1484 sacrum
1175 1423 1407 1494 rapiente
1443 1423 1644 1483 dextra.

575 1493 925 1568 Quicumque
954 1495 1141 1557 mundi
1178 1495 1439 1554 terminus
1477 1495 1720 1571 obstitit,

576 1567 737 1625 Hunc
767 1586 957 1641 tangat
983 1569 1145 1628 armis
1164 1612 1183 1639 ‚
1219 1568 1384 1628 vilere
1424 1569 1654 1639 gestiens

485 1658 574 1714 55,
726 1641 861 1767 8125,
892 1661 1039 1711 parte
1077 1639 1466 1699 debacchentur
1498 1642 1694 1714 ignes,

745 1712 854 1787 kuzi
893 1713 1097 1770 nebulae
1137 1713 1412 1785 pluviique
1451 1734 1616 1773 rores.
1659 1721 1667 1728 ’

580 1780 686 1839 Sed
726 1783 979 1842 bellicosis
1011 1783 1126 1843 fata
1158 1784 1467 1858 Quiritibus

581 1853 701 1912 Hae
741 1856 864 1927 lege
896 1856 1014 1916 dico
1094 1876 1163 1915 ne
1190 1856 1418 1916 nimium
1465 1858 1569 1934 pii,

475 1977 483 1983 .
654 1927 937 2000 Rebusque
978 1902 1201 1989 fidentes
1220 1974 1237 2002 ,
1278 1930 1433 1989 avitae

489 2018 578 2065 ιο.
732 2001 787 2059 T
788 2003 906 2060 eC’ta
944 2003 1118 2063 velint
1154 2022 1394 2072 reparare
1424 2003 1481 2059 T
1483 2002 1634 2075 rojae.

585 2073 773 2143 Trojae
814 2076 1084 2133 renascens
1123 2076 1254 2132 alite
1294 2074 1516 2146 lugubri

474 2150 479 2154 ’
582 2145 827 2205 Fortuna
861 2147 994 2205 tristi
1031 2147 1177 2206 clade
1200 2146 1516 2222 iterabitur,

657 2220 908 2278 Ducente
926 2220 1170 2279 vidlrices
1200 2238 1436 2279 catervas

734 2290 992 2364 Coniuge
1028 2312 1115 2349 me
1155 2291 1301 2351 Jovis
1342 2300 1396 2350 δι
1423 2291 1622 2352 sorore.

493 2361 710 2438 ²65.Ter
741 2362 778 2419 fi
809 2362 1050 2437 resurgat
1083 2386 1270 2423 murus
1304 2369 1498 2427 aeneus

475 2440 478 2443 ’
590 2436 838 2494 Auctore
872 2434 1111 2511 Phoebo,
1145 2454 1225 2495 ter
1263 2457 1448 2508 pereat
1479 2435 1616 2493 meis

665 2506 889 2566 Excisus
921 2508 1183 2593 Argivis‚·
1232 2528 1316 2567 ter·
1351 2530 1484 2567 uxor

743 2580 922 2651 Capta
978 2602 1155 2640 vnum
1191 2582 1487 2653 puerosque
1527 2579 1720 2651 ploret,

592 2649 723 2711 Non
754 2652 869 2711 haec
897 2653 1090 2724 jocosae
1126 2655 1454 2714 conveniunt
1489 2655 1660 2729 lyrae:

567 2877 649 2934 48.
684 2875 854 2929 Nilus.
889 2879 1098 2929 Flavius
1122 2878 1323 2943 Egypti
1352 2913 1369 2939 ,
1391 2894 1534 2940 quam
1557 2911 1575 2939 ,
1595 2876 1843 2924 exundans
1864 2873 2015 2924 certis
2037 2888 2133 2943 an·-

497 2939 555 2990 ni
591 2944 836 2992 mensibus
860 2976 877 3004 ‚
909 2944 1088 3011 pingui
1127 2945 1252 2992 limo
1298 2943 1583 2994 foecundam
1610 2941 1793 2992 reddit.

563 3007 647 3058 61.
683 3008 844 3059 Alite.
879 3011 1061 3059 Omine
1083 3046 1100 3072 ,
1140 3008 1375 3072 auspicio.

563 3073 649 3136 69.
677 3072 795 3122 Non
826 3079 925 3123 haec
949 3112 966 3138 ,
1006 3075 1111 3126 &c.
1149 3083 1272 3126 Sunt
1294 3076 1378 3136 qui
1423 3089 1602 3140 putent
1624 3070 1830 3121 voluiss‘e
1858 3071 1988 3118 elam
2030 3076 2136 3119 Ho-

416 3182 420 3187 .
497 3139 678 3186 ratium
721 3141 805 3186 hine
850 3141 906 3188 in
950 3142 1054 3190 Ode
1096 3140 1369 3206 Augustum
1412 3144 1656 3191 deterrere
1701 3138 1730 3185 'a
1764 3135 1971 3186 confluo
2010 3135 2137 3197 quod

496 3199 662 3252 iniifl'e
699 3201 942 3253 ferebatur
976 3206 1223 3271 migrandi
1254 3207 1599 3255 Alexandriam
1621 3241 1636 3268 ,
1673 3202 1756 3253 vel
1773 3201 1958 3265 Ilium,
1987 3200 2139 3250 trans·

497 3264 614 3315 latis
649 3269 787 3317 fimul
821 3271 997 3332 opibus
1030 3271 1228 3335 imperii
1258 3307 1273 3333 ‚
1311 3272 1626 3332 exhaustaque
1660 3267 1928 3318 delectibus
1973 3267 2139 3317 Italia·

502 3335 661 3394 Quam
698 3333 877 3386 famam
910 3336 1236 3399 percrebuisse
1260 3338 1525 3391 suetonius
1557 3336 1754 3393 testatur
1777 3334 1836 3391 iu
1859 3333 1969 3399 ejus
1999 3333 2139 3401 viti,
