2269 3773
512 155 705 248 494.
896 130 1214 216 Horatii
1268 133 1349 215 Ε
1333 131 1789 245 pzstolarum

609 260 867 323 Describi.
905 263 1131 322 Vertere
1165 263 1393 321 modum
1414 309 1430 336 ,
1471 263 1756 322 formidine
1780 263 1975 336 fustis‚·
2019 258 2022 265 ’

516 353 578 407 ¹5
594 355 639 407 5.
656 333 743 391 Ad
762 336 895 393 bene
916 335 1226 409 dicendum,
1267 334 1748 408 deicerandumque
1769 335 2003 394 reducti.

613 404 820 464 Graecia
855 427 1006 479 capta
1038 409 1215 466 ferum
1243 408 1526 466 viclorem·
1545 409 1688 479 cepit
1768 417 1822 466 &
1862 426 2007 465 artes

613 477 803 534 Intulit
835 480 1029 552 agresti
1069 480 1228 538 Latio
1249 524 1265 552 ,
1306 480 1372 538 fic
1410 480 1655 539 horridus
1689 453 1782 537 ille

615 548 855 609 Defluxit
884 573 1137 611 numerus
1174 552 1453 611 Saturnius
1473 563 1509 626 ,'
1539 561 1593 610 ὅ(
1634 571 1803 623 grave
1842 550 1992 609 virus

615 620 899 680 Munditiae
934 627 1224 695 pepulere3
1262 623 1350 681 sed
1389 625 1446 682 in
1486 626 1716 696 longum
1752 644 1936 681 tamen
1976 641 2142 681 aevum

522 706 634 752 160.
649 692 992 770 Manserunt‚
1037 695 1304 768 hodieque
1343 713 1563 755 manent
1597 694 1826 767 vestigia
1862 694 2018 754 rutis·

615 766 776 823 Serus
814 767 957 824 enim
997 766 1197 826 Grecis
1232 768 1475 826 admovit
1511 766 1759 826 acumina
1797 765 2028 829 char-tin

616 836 693 893 Et
731 842 848 909 post
886 838 1081 897 Punica
1116 840 1257 897 bella
1331 839 1502 898 uictus
1612 859 1812 896 merem
1853 838 2021 909 coepit

616 908 766 1039 ssuid
777 909 1087 994 Sophocles,
1104 920 1158 970 &
1169 911 1294 972 The
1319 913 1416 984 pis,
1430 920 1483 969 &
1494 862 1783 985 AEsihylus
1794 910 1931 970 utile
1947 908 2146 968 ferrent.
2231 882 2232 887 Ἰ

677 998 882 1040 entavit
916 1004 1025 1066 quo
1066 1004 1130 1042 ue
1171 1005 1287 1045 rem
1328 983 1490 1054 digne
1526 982 1563 1040 fi
1592 1001 1814 1062 ‘vertere
1849 981 2048 1053 poffet;

532 1052 740 1124 165.Et
781 1056 980 1123 placuit
1018 1007 1141 1124 fibi,
1182 1073 1371 1113 natura
1398 1054 1665 1125 sublimm,
1706 1063 1762 1112 &
1802 1075 1940 1112 acer.

622 1123 768 1184 Nam
801 1127 961 1197 spirat
998 1128 1268 1200 tragicum
1289 1127 1446 1200 satiS‚
1483 1136 1538 1186 &
1566 1125 1788 1184 feliciter
1819 1125 2017 1196 audet;

2232 952 2234 1023 l

601 1321 707 1369 154.
761 1304 951 1359 Vertc're
992 1315 1203 1360 modum.
1240 1308 1430 1374 stylum
1459 1325 1708 1360 mutavere
1736 1325 1748 1354 =
1775 1310 1844 1360 ils
1888 1315 2153 1378 changerent

530 1379 588 1423 de
621 1372 777 1437 style,
817 1379 872 1423 de
919 1389 1021 1424 ton.

597 1436 778 1503 Fastis.
805 1446 980 1488 Sontes
1014 1439 1280 1500 aliquando
1303 1437 1508 1489 fustibus
1534 1477 1549 1501 ,
1573 1442 1671 1489 sive
1709 1441 1911 1489 bacillis
1954 1440 2150 1506 ligneis,

483 1516 495 1533 ⁸
532 1518 650 1562 quas
668 1505 827 1569 virgas
853 1509 1108 1565 vocabant,
1132 1508 1444 1555 caedebantur
1468 1507 1617 1569 usque
1639 1508 1697 1554 ad
1722 1523 1918 1557 necem.
1937 1513 2005 1555 Ea
2021 1521 2150 1569 poena
2237 1572 2238 1575 Ἴ

528 1566 817 1617 fustuarium
851 1570 1120 1619 dicebatur.

606 1632 717 1694 158.
753 1633 1036 1686 Saturnius.
1060 1643 1296 1685 Sannaus
1328 1636 1558 1698 antiquus
1590 1636 1749 1684 Italiae
1776 1652 1861 1685 rex
1895 1634 1994 1685 fuit
2018 1648 2151 1693 taut,

533 1701 569 1746 fi
596 1699 841 1749 credimus
865 1700 1047 1749 fabulis
1067 1737 1083 1761 ,
1118 1715 1250 1763 pater
1272 1700 1411 1752 lovis
1434 1736 1450 1761 ‚
1476 1705 1501 1749 a
1526 1718 1622 1763 quo
1640 1701 1808 1764 pulsus
1832 1702 1963 1750 coelo
1981 1736 1998 1765 ‚
2028 1700 2149 1750 venit

535 1764 595 1814 in
636 1765 827 1813 Italiam
857 1801 873 1827 ,
911 1766 998 1816 ubi
1047 1782 1164 1815 eum
1207 1772 1357 1829 Ianus
1386 1782 1469 1816 rex
1500 1767 1624 1817 Latii
1661 1767 1877 1829 excepit.

605 1832 716 1878 160.
760 1828 970 1880 Manent
1014 1850 1070 1881 νε
1113 1830 1217 1898 igia
1260 1831 1404 1881 ruris.
1455 1833 1530 1879 Ad
1565 1832 1773 1880 nostram
1797 1831 1946 1894 usque
1978 1843 2150 1879 aetatem

533 1896 827 1960 usurpantur
859 1899 1054 1946 nonnul
1080 1916 1105 1946 a
1143 1913 1201 1946 ex
1251 1898 1317 1946 iis
1351 1898 1567 1959 antiquis
1602 1898 1659 1948 St
1700 1898 1899 1947 rusticis
1933 1896 2151 1946 carmini-

539 1964 649 2014 bus.
697 1961 951 2028 Intelligit
986 1964 1227 2012 inimicos
1264 1962 1400 2025 jocos
1422 2000 1440 2024 ‚
1474 1963 1558 2025 qui
1596 1964 1987 2026 subjiciebantur
2030 1960 2150 2009 seriis

537 2027 748 2090 fabulis,
794 2026 853 2078 &
894 2028 1065 2077 exodia
1107 2026 1259 2093 vulgb
1303 2030 1708 2091 appellabantur,
1745 2036 1826 2080 des
1866 2029 2052 2093 flat-ces.

608 2095 720 2143 161.
760 2091 1026 2144 Acumina.
1061 2093 1239 2142 Aciem
1286 2095 1567 2143 oculorum.

609 2160 722 2224 163.
762 2156 1047 2223 Sophocles.
1082 2163 1231 2208 Po'e'ta
1274 2159 1371 2208 fuit
1396 2167 1598 2209 Graecus
1636 2160 1854 2225 tragicus
1879 2196 1893 2222 ,
1920 2157 2065 2222 patria
2086 2160 2146 2205 A·

541 2226 851 2286 thenienfis,
900 2240 1044 2274 natus
1092 2224 1375 2289 olympiade
1416 2239 1501 2288 73.
1547 2228 1642 2274 hoc
1683 2226 1751 2273 est
1776 2263 1791 2287 ‚
1830 2242 1961 2275 anno
1999 2220 2146 2271 mundi

542 2306 616 2340 ter
652 2291 913 2339 millesimo
938 2290 1336 2355 quingentesimo
1354 2326 1370 2351 ,
1408 2292 1695 2356 sexagesimo
1718 2292 1853 2340 sexto
1873 2327 1887 2353 ,
1922 2291 2062 2341 Urbis
2076 2288 2143 2335 du·

544 2357 808 2407 centesimo
843 2355 1132 2421 sexagesimo
1176 2355 1329 2404 sexto.
1373 2362 1554 2420 suppar
1594 2356 1675 2406 illi
1726 2355 1825 2407 fuit
1870 2355 2141 2420 AEschylus,

543 2423 628 2481 qui
667 2426 726 2470 ab
762 2423 933 2470 eodem
966 2423 1118 2470 vitius
1140 2457 1155 2482 ,
1192 2420 1249 2471 &
1284 2423 1580 2470 deteriorem
1619 2422 1851 2483 scripsisse
1885 2420 2146 2486 tragoediam

541 2486 787 2549 judicatus
811 2523 825 2547 ,
863 2505 920 2537 ex
945 2502 1157 2536 moerore
1195 2487 1371 2536 amiss'ae
1401 2487 1574 2550 palmae
1599 2486 1655 2536 in
1695 2488 1916 2537 Siciliam
1959 2484 2144 2542 secessit,

540 2553 628 2602 ubi
668 2552 778 2600 cum
812 2554 1142 2602 deambularet
1165 2588 1180 2615 ,
1222 2555 1355 2601 nudo
1383 2553 1568 2601 vertice
1591 2590 1605 2614 ,
1633 2553 1795 2613 aquila
1817 2550 2144 2616 supervolans,

489 2658 496 2664 .
544 2617 604 2667 δε
637 2617 889 2681 unguibus
924 2619 1329 2681 comprehensam
1357 2618 1547 2683 gestans
1571 2617 1867 2669 testudinem
1897 2654 1912 2679 ‚
1953 2616 2077 2666 illam
2100 2614 2145 2661 in

542 2683 653 2745 ejus
694 2696 836 2742 caput
862 2682 1120 2747 glabrum,
1151 2684 1335 2733 filicem
1364 2699 1463 2731 rata
1497 2683 1742 2748 impegit,
1778 2698 1983 2746 eumque
2016 2681 2148 2728 inter·

544 2747 687 2797 emit.
716 2747 821 2809 Ipse
868 2749 1137 2810 Sophocles
1172 2765 1332 2797 annos
1375 2763 1517 2797 natus
1541 2750 1790 2813 okkoginta
1821 2785 1835 2808 ,
1864 2747 1974 2796 cum
2007 2758 2147 2807 quater

548 2814 605 2865 ὅτ
645 2812 801 2862 vicies
851 2814 1059 2862 aemulos
1107 2819 1274 2877 poe‘tas
1309 2814 1507 2878 publico
1541 2813 1728 2876 judicio
1763 2811 2045 2875 superasset,
2078 2809 2148 2857 ul-

545 2881 664 2928 tima
708 2879 909 2927 vistoria
935 2879 994 2926 sic
1035 2879 1103 2928 est
1129 2880 1284 2929 elatus
1307 2916 1320 2942 ,
1362 2894 1417 2929 ut
1463 2895 1559 2941 prae
1587 2880 1767 2944 gaudio
1796 2878 1995 2941 repente
2027 2875 2150 2924 obic-

545 2945 644 3004 rit‚
674 2943 802 2991 sexto
848 2943 952 3006 post
988 2945 1238 3006 Euripidis
1275 2960 1485 2993 mortem
1526 2960 1681 2993 anno.

623 3008 847 3071 Thespis.
878 3013 1028 3059 Po‘e‘ta
1071 3010 1387 3060 Atheniensis
1409 3047 1426 3073 ,
1465 3010 1545 3070 qui
1572 3010 1761 3071 primus
1792 3009 1971 3058 dicitur
2002 3019 2156 3072 tragoe-

547 3074 676 3122 diam
714 3075 985 3135 invenisse,
1026 3074 1081 3125 δί
1106 3082 1287 3124 actores
1323 3075 1547 3136 plaustris
1571 3074 1825 3138 impositos
1864 3074 2053 3122 vicatim
2074 3073 2152 3119 cir-

547 3138 855 3185 cumvexiffe.
880 3141 1110 3189 Florebat
1136 3141 1420 3205 olympiade
1447 3146 1566 3189 LXI.
1588 3141 1681 3188 hoc
1704 3140 1771 3187 est
1789 3174 1803 3197 ,
1831 3139 1998 3187 mundi
2023 3135 2154 3204 3518·

547 3209 613 3254 U.
646 3206 705 3252 C.
742 3200 859 3256 218.
898 3210 973 3253 De
1007 3205 1100 3261 illo
1145 3206 1376 3256 meminit
1416 3207 1472 3256 in
1507 3210 1628 3255 Arte
1672 3205 1893 3256 Po‘e'tica.
1979 3257 1982 3262 ,
