2269 3773
557 165 641 246 E
622 166 894 276 podon
954 169 1130 255 Ode
1187 173 1351 260 XI.
1599 209 1770 299 239

133 290 340 358 Silent
362 342 386 374 ,
425 292 825 376 expallescunt
845 343 865 377 ,
906 299 1138 361 lzaerent
1174 305 1423 367 attoniti
1443 327 1516 366 as·
1529 311 1775 395 stupore

136 383 343 467 defixi.
392 384 500 449 Alz
537 385 767 466 causizm
802 387 965 473 {llius
994 386 1248 471 vefimioe
1286 391 1551 481 inielligo
1569 400 1594 461 ,Ι
1625 423 1776 483 pae-

138 491 250 533 nas
296 469 335 536 ὰ
379 474 683 536 Romanis
708 475 864 538 Fata
887 523 907 556 ‚
952 474 1012 538 ft
1048 480 1195 541 irati
1231 485 1447 566 Superi
1471 534 1494 567 ,
1536 487 1774 571 obsta-

138 579 294 623 trem
342 557 381 621 ὰ
438 562 705 625 Romulo
742 584 861 646 per
906 568 1098 628 dirum
1133 567 1326 648 scelus
1374 572 1433 637 G·
1489 572 1775 661 injuriam

139 646 508 731 interfit-‘lum
555 670 811 733 repetere
846 675 961 717 non
986 653 1210 740 ceffant
1251 660 1323 721 ab
1361 683 1428 724 eo
1468 684 1772 751 tempore,

137 758 257 822 quo
297 738 522 801 imbuta
556 744 641 825 est
658 742 862 803 humus
902 746 1089 808 Remi
1114 744 1406 833 sangvine
1427 799 1449 830 ,
1504 755 1776 842 quipos-

140 829 286 889 teris
333 826 596 889 omnibus
631 830 895 893 exitialis
938 853 1009 895 ac
1029 831 1301 920 fimestus
1326 836 1479 919 filit.

140 1103 500 1259 ΑΒΙΙΤ
545 1196 735 1259 altera
761 1195 900 1282 jam
937 1202 1364 1281 propemodum
1414 1221 1563 1264 oetas
1605 1249 1628 1281 ,
1698 1224 1775 1266 ex

139 1302 257 1367 quo
304 1285 510 1347 Roma
569 1284 734 1348 bellis
794 1287 1058 1350 civilibus
1104 1287 1308 1372 misere
1364 1289 1773 1374 conflicYatur‚

144 1366 363 1451 &sitas
399 1373 529 1456 ipsa
568 1378 717 1438 vires
752 1377 813 1437 in
855 1380 1102 1438 exitium
1125 1377 1304 1459 suum
1328 1382 1520 1442 vertit.
1580 1384 1776 1461 Quam

139 1458 338 1521 urbem
374 1463 645 1526 videlicet
670 1485 851 1549 neque
879 1463 1176 1551 conjurati
1202 1488 1329 1529 cum
1350 1467 1538 1550 sociis
1578 1468 1779 1555 Matfi

136 1545 477 1633 exscindere
518 1553 827 1617 valuerunt
847 1599 865 1633 ,
918 1577 1099 1639 neque
1165 1558 1614 1643 Thyrrenorum
1655 1556 1777 1641 fe·-

66 1677 72 1684 ’
141 1657 305 1701 roces
339 1643 569 1724 copiae,
613 1645 755 1705 duce
798 1642 1064 1726 Porsena
1077 1668 1104 1726 ,·
1150 1666 1333 1731 neque
1365 1650 1775 1729 Capuanorum

138 1728 369 1790 invidia
410 1726 467 1791 ἃ
524 1732 825 1794 aemulatio
851 1754 878 1810 ;
932 1753 1038 1796 nec
1084 1737 1364 1815 Spartaci
1395 1737 1583 1818 furor
1600 1785 1623 1815 ,
1669 1755 1779 1801 aut

138 1815 530 1904 Allobrogum
570 1822 830 1906 perfidia
870 1817 928 1882 ἑ)
976 1825 1039 1884 in
1091 1823 1254 1885 rebus
1299 1827 1580 1889 novandis
1619 1828 1776 1888 levi-

138 1922 234 1968 tas
257 1930 283 1988 ,·
330 1929 449 1968 non
502 1911 932 1973 Germanorum
981 1908 1262 1994 juventus
1315 1915 1559 1976 horrida
1587 1959 1606 1992 ,
1659 1936 1777 1977 non

138 1994 415 2060 Annibal
440 1998 787 2078 parentibus
828 2001 1143 2083 detestatus
1189 2021 1209 2062 .·
1254 2023 1381 2063 eam
1417 2020 1726 2065 evertemus
1746 2051 1774 2084 ,

215 2167 264 2216 ς.
304 2151 501 2218 Capua.
541 2155 689 2205 Urbis
726 2153 1025 2214 ampliffimae
1049 2187 1066 2213 ,
1101 2153 1159 2202 in
1197 2154 1463 2215 Campania
1484 2154 1639 2214 Itala,
1666 2168 1776 2214 quae

136 2234 254 2269 cum
276 2218 384 2282 ipsa
414 2221 569 2269 Roma
598 2221 681 2268 diu
717 2220 775 2267 de
791 2219 925 2266 orbis
957 2216 1171 2279 imperio
1207 2234 1260 2266 ac
1284 2218 1442 2266 ltaliae
1468 2219 1775 2283 principam,

143 2300 289 2346 quem
324 2284 411 2348 ipfi
449 2285 666 2334 Annibal
705 2284 989 2346 promiserat
1035 2283 1260 2332 certavit.
1302 2281 1508 2347 Capone-

203 2348 493 2414 Spartacus.
534 2349 784 2399 Gladiator
819 2348 1059 2410 celebris,
1099 2350 1219 2398 belli
1255 2350 1455 2398 servilis
1496 2353 1679 2401 auetor-

209 2417 259 2464 6.
297 2414 570 2465 Allobrox.
608 2415 903 2478 Allobroges
926 2449 941 2474 ‚
970 2415 1142 2477 populi
1173 2415 1349 2464 Galliae
1384 2416 1619 2478 antiquae,
1643 2431 1790 2466 nuno⁴

139 2480 343 2530 sabaudi
376 2497 432 2529 ac
462 2481 809 2543 Delphinates.
843 2479 1078 2528 Catilinae
1120 2481 1371 2529 studebant
1391 2517 1406 2542 ,
1451 2497 1503 2529 ac
1522 2497 1600 2529 res
1624 2496 1781 2530 novas

141 2546 475 2595 moliebantur
503 2582 518 2608 ,
560 2547 609 2595 id
654 2545 753 2607 est,
787 2545 1074 2607 reipublicae
1101 2547 1274 2595 statum
1312 2546 1602 2596 convellere
1655 2561 1776 2595 ten-

135 2614 326 2660 tabant.
368 2611 565 2660 Domiti
598 2611 712 2659 sunt
746 2608 963 2673 primhm
1000 2609 1029 2656 ‘a
1063 2612 1184 2658 Caio
1221 2611 1545 2674 PomptiniO,
1590 2627 1644 2661 ut
1677 2614 1774 2659 do-

136 2691 216 2724 cet
250 2676 449 2725 'rullius
485 2676 541 2724 in
576 2675 799 2724 oratione
835 2677 895 2723 de
929 2675 1212 2725 Provinciis
1257 2677 1629 2726 consularibus.
1662 2684 1773 2726 De·-

136 2745 256 2791 tsesta
283 2742 490 2790 illorum
532 2742 740 2791 subinde
778 2741 981 2790 confilia
1009 2738 1215 2789 fuerunt
1254 2742 1517 2806 vigilantlfi·
1546 2742 1770 2803 eiusdem

139 2807 407 2857 Ciceronis
441 2842 456 2867 ‚
503 2820 612 2855 tum
657 2806 888 2855 Consulis
930 2842 945 2870 ,
994 2806 1076 2857 cui
1129 2807 1522 2869 conjurationem
1574 2822 1778 2856 omnem

140 2872 356 2934 denique
386 2886 682 2937 aperuerunt
706 2908 721 2933 ,
760 2870 870 2920 chm
896 2871 922 2918 ὶι
950 2873 1166 2923 Catilina
1188 2872 1509 2922 desciviss‘ent.
1544 2874 1675 2921 Hinc
1700 2873 1780 2921 in-

119 2935 311 2995 fideles
344 2939 493 2988 novis
530 2944 666 2988 rebus
694 2972 709 3000 ,
744 2938 797 2985 id
832 2936 928 2998 est,
964 2938 1299 2998 coniurationi
1331 2936 1387 2988 δε
1427 2939 1645 3000 partibus
1685 2943 1782 2986 Ca-

136 3002 341 3064 tilinae,
378 3005 429 3053 di
444 3019 624 3053 cuntur
646 3040 661 3066 ,
699 3003 813 3064 quia
834 3004 981 3052 fidem
1008 3004 1088 3053 illi
1128 3003 1289 3050 datam
1328 3002 1600 3068 fregerunt.
1651 3003 1780 3065 Vel,

134 3065 433 3132 fimpliciter
486 3070 706 3132 explica,
750 3067 965 3132 infideles
1000 3067 1143 3118 novis
1183 3073 1318 3117 rebus
1343 3103 1358 3128 ,
1394 3068 1445 3115 id
1481 3068 1582 3128 est,
1618 3067 1673 3116 in
1699 3083 1782 3116 re-

134 3136 227 3183 bus
254 3135 409 3185 novis
437 3171 451 3196 ,
487 3136 571 3185 ubi
602 3134 782 3197 aliquis
825 3133 1069 3184 tumultus
1103 3132 1162 3184 &
1186 3133 1474 3196 reipublicae
1520 3132 1780 3182 conversa)

135 3200 369 3249 existeret
411 3202 561 3250 fidem
600 3201 758 3249 datam
784 3199 973 3251 servare
1009 3215 1118 3252 non
1148 3199 1285 3250 soliti
1312 3215 1332 3266 5
1364 3215 1444 3250 res
1476 3214 1632 3248 novas
1668 3211 1781 3246 nto-

132 3261 390 3317 fientibus
433 3266 600 3317 favere
653 3281 898 3320 amantes.
