2269 3773
607 177 787 289 zib.
860 201 933 295 I..
967 200 1279 287 -Satira
1342 197 1415 286 I.
1664 230 1837 320 259

197 366 404 414 rarum
426 346 815 433 perdiscenda
857 368 875 411 .·
908 346 1024 432 sed
1044 366 1287 434 agamus
1307 344 1472 428 serio
1494 394 1518 428 ,
1565 343 1624 410 δ’
1666 342 1839 428 hujus

195 458 376 523 quam
399 439 469 518 in
492 437 787 523 plerisque
829 437 1156 501 hominibus
1180 438 1476 499 intuemur
1493 430 1842 518 inconstan-

196 528 313 591 tioe
348 526 548 611 causas
571 528 985 614 investigemus.
1035 525 1153 589 Ille
1176 524 1441 609 agricola
1475 527 1576 608 qui
1603 516 1842 585 tantitm

193 613 423 677 laboris
481 619 543 677 in
589 617 914 677 exercenda
956 613 1161 678 tellure
1192 612 1386 695 sumit
1417 637 1443 693 ;
1506 615 1611 698 iste
1653 629 1844 690 caupo

186 700 468 791 pejerare
495 700 748 789 &fidem
770 701 990 785 fallere
1011 699 1227 783 solitus
1250 726 1273 783 ;
1311 703 1525 764 milites
1557 698 1613 763 δ’
1640 715 1845 761 nautoe

197 795 307 877 qui
351 793 551 854 omnia
594 795 835 872 maria,
879 793 1227 872 contemptis
1258 791 1540 873 periculis
1573 810 1644 850 ac
1681 806 1843 850 tem-

180 880 515 965 pestatibus
535 927 558 959 ,
599 882 911 965 enavigant
935 928 958 961 ,
1000 881 1366 962 profitentur
1384 877 1453 962 fix
1494 876 1661 940 aliud
1688 875 1853 939 nihil

180 966 456 1051 specJare
493 972 554 1031 in
589 970 684 1030 lzis
709 968 1002 1033 laboribus
1032 968 1406 1050 perferendis
1425 1015 1446 1048 ‚
1482 963 1657 1053 quam
1686 985 1753 1026 ut
1778 966 1844 1025 in

185 1053 485 1138 JeneHute
531 1057 850 1141 tranquillo
886 1056 1284 1139 perfruantur
1319 1058 1440 1117 otio
1463 1101 1485 1132 ,
1531 1074 1845 1135 compara-

201 1147 286 1208 tis
317 1144 587 1207 videlicet
630 1145 792 1208 rebus
842 1148 924 1207 ad
962 1148 1145 1207 vitam
1192 1141 1524 1229 neceffariis
1549 1189 1572 1221 ,
1621 1163 1691 1203 ac
1733 1161 1845 1203 ve·-

201 1231 299 1297 lut
323 1234 559 1295 annona
593 1234 658 1296 in
687 1234 971 1317 reliquum
1005 1251 1229 1313 tempus
1256 1229 1512 1293 collec‘id.
1547 1231 1636 1292 Et
1657 1249 1849 1291 utun-

199 1340 312 1384 tur
340 1321 606 1403 exemplo
636 1319 924 1402 formicae
947 1367 967 1400 ‚
1015 1341 1152 1405 quoe
1182 1315 1322 1380 licet
1346 1321 1582 1402 exiguoe
1610 1317 1690 1398 fit
1723 1339 1851 1377 mo-

200 1409 286 1473 lis
311 1456 334 1489 ,
378 1411 523 1471 adeo
570 1409 865 1493 laboriosa
892 1427 1088 1471 tamen
1130 1409 1230 1493 est.
1282 1410 1438 1478 Haec
1476 1404 1701 1490 rostello
1730 1403 1849 1486 suo

202 1517 587 1583 quaecumque
601 1500 804 1582 potest
840 1497 1036 1578 carpit
1074 1496 1300 1557 cibaria
1321 1540 1345 1574 ,
1391 1492 1593 1579 quibus
1635 1512 1849 1576 augeat

200 1605 478 1648 acervum
501 1633 525 1666 ,
571 1604 740 1669 quem
777 1583 984 1667 futuri
1035 1583 1196 1666 quafi
1225 1580 1484 1664 praescia
1511 1628 1534 1658 ,
1594 1576 1652 1642 δ’
1708 1580 1848 1645 bene

189 1675 457 1753 provida
479 1720 502 1752 ,
542 1673 810 1757 congerit
835 1691 1024 1738 :mox
1050 1670 1150 1731 ubi
1176 1687 1432 1734 vertente
1458 1689 1612 1732 anno
1639 1669 1852 1753 Aqua-

205 1761 329 1822 rius
366 1759 577 1824 imbres
606 1758 910 1844 effundere
936 1758 1150 1841 incipit
1177 1806 1197 1842 ,
1238 1754 1298 1820 δ’
1331 1779 1503 1845 agros
1527 1757 1682 1841 tristi
1709 1758 1849 1842 gelu

206 1848 453 1931 implere
485 1898 508 1930 ,
578 1849 842 1911 continet
896 1846 1006 1909 illa
1033 1845 1107 1930 se
1157 1849 1318 1911 domi
1345 1894 1368 1926 ,
1437 1844 1495 1909 δ’
1539 1847 1654 1925 iis,
1706 1865 1850 1929 quas

201 1957 386 2001 antea
410 1940 737 2018 prudenter
774 1933 832 1998 δ’
872 1933 1041 1999 caut?
1076 1937 1322 2017 paravit
1346 1982 1368 2013 ,
1399 1934 1678 2018 frugibus
1710 1934 1846 2015 ves-'-

203 2028 390 2089 citur·
431 2025 527 2089 At
564 2044 629 2087 tu
652 2074 675 2104 ,
722 2023 939 2108 infelix
964 2072 992 2105 ,ν
1032 2046 1200 2109 quem
1242 2043 1425 2106 neque
1466 2022 1684 2086 calores
1724 2020 1850 2104 aes-

203 2115 318 2180 tivi
340 2161 360 2194 ‚
406 2134 590 2198 neque
615 2113 880 2198 lzyberna
891 2110 1138 2196 frigora
1175 2114 1462 2173 deterrere
1494 2106 1741 2193 poffitnt
1774 2110 1848 2172 ab

206 2205 483 2286 augenda
525 2223 628 2282 re,
676 2222 844 2286 quem
890 2203 1112 2262 medios
1144 2221 1266 2285 per
1306 2201 1513 2282 ignes,
1549 2218 1668 2279 per
1716 2198 1852 2262 dira

208 2289 353 2351 belli
407 2288 699 2373 marisque
730 2289 1002 2373 pericula
1033 2286 1171 2371 spes
1209 2288 1361 2349 lucri
1399 2287 1598 2348 oblata
1645 2287 1847 2368 rapit,

110 2418 115 2422 -
207 2382 313 2466 qui
349 2379 527 2441 nihili
555 2380 770 2460 pendis
797 2379 1170 2441 incommoda
1201 2376 1402 2438 omnia
1424 2417 1441 2449 ,
1482 2373 1672 2438 obices
1710 2396 1850 2436 om-

207 2488 311 2531 nes
335 2514 358 2544 ‚
407 2470 580 2529 modo
615 2474 861 2530 caeteros
879 2464 1169 2548 superare
1210 2464 1413 2546 opibus
1452 2484 1625 2547 queas
1642 2512 1665 2542 ,
1705 2466 1855 2547 quid

208 2554 636 2633 emolumenti,
686 2552 882 2638 quoesb
915 2603 936 2633 ,
998 2558 1163 2637 capis
1213 2574 1288 2614 ex
1350 2571 1555 2614 acervo
1616 2554 1851 2636 ingenti

204 2646 478 2727 pecunia?
501 2692 524 2724 ,
567 2664 735 2727 quem
777 2640 951 2705 anxi>
992 2663 1063 2703 ac
1100 2639 1328 2725 trepide
1365 2641 1493 2703 altd
1537 2641 1710 2703 humo
1739 2643 1851 2705 ia-

195 2729 430 2816 fiffitm
473 2731 844 2814 abditumque
874 2729 1077 2813 servas
1101 2727 1140 2793 ?
1190 2731 1495 2795 Nimirum
1526 2777 1547 2807 ,
1605 2731 1797 2813 inquis
1820 2778 1848 2810 ,

196 2820 260 2907 fi
303 2842 410 2905 ego
456 2840 530 2881 ex
576 2820 684 2881 tllo
725 2839 930 2884 acervo
974 2821 1280 2882 detraham
1333 2818 1567 2902 aliquid
1599 2865 1621 2896 ,
1691 2817 1853 2882 brevi

209 2911 514 2970 minuetur
546 2956 568 2987 ‚
641 2904 699 2970 δ’
739 2911 820 2970 ad
864 2925 1186 2970 extremum
1235 2909 1470 2970 tandem
1519 2907 1853 2969 teruncium

212 2996 449 3061 redibit.
498 2998 624 3059 Sed
644 2996 822 3079 „nisi
860 3000 972 3060 hoc
1005 2993 1252 3077 facias,
1307 2992 1365 3057 ἃ
1391 2995 1650 3077 pecunici
1702 3015 1852 3056 uta-

210 3089 296 3150 ris
346 3086 455 3147 tuci
479 3124 497 3154 ‚
549 3086 698 3169 quid,
724 3080 905 3168 juvat
959 3106 1196 3148 acervos
1258 3082 1419 3145 illius
1479 3102 1785 3167 congerere
1813 3080 1854 3147 ,Ρ

214 3175 382 3255 Quid
419 3171 737 3255 voluptatis
775 3175 858 3257 est
911 3194 1176 3236 nummos
1219 3173 1284 3236 in
1328 3173 1513 3234 altum
1563 3167 1853 3233 extruc'ios

214 3260 277 3326 δ’
319 3260 556 3328 inutiles
592 3258 879 3329 intueri?
925 3262 1061 3350 Age
1084 3311 1108 3345 ,
1139 3261 1254 3347 fac
1295 3278 1354 3329 te
1393 3279 1626 3327 centum
1657 3258 1854 3324 millia
