2269 3773
547 151 723 237 Lib.
785 145 900 239 ῙῙ.
947 143 1216 241 Satira
1274 147 1394 243 H.
1612 144 1789 277 '3757

191 352 1798 419 m

184 465 451 599 TAM
491 556 550 597 es
596 533 889 619 negligens
937 537 1001 598 ἱη
1038 533 1283 619 versibus
1328 539 1812 620 componendis,'

174 644 245 685 ut
255 644 372 704 per
390 644 603 686 annum
627 670 650 701 ,
692 621 869 707 quam
896 622 1098 710 longus
1127 625 1212 707 est
1234 669 1252 703 ,
1294 628 1398 686 vix
1422 646 1632 708 quater
1661 646 1791 706 pa-

162 732 393 795 pyrum
417 711 718 795 postules:
746 712 902 772 nihil
938 718 1250 795 quicquam
1293 713 1460 775 aliud
1481 717 1646 799 agis,
1686 716 1799 799 nisi

175 800 333 862 deles
355 849 377 880 ,
416 818 607 862 mutas
630 847 651 880 ,
678 799 950 884 ‘diffingis
976 843 992 872 ,
1038 793 1623 887 quicquidjcripsisti.
1670 805 1795 865 At·

171 909 283 973 que
320 890 433 951 lzoc
452 910 570 951 non
596 888 859 974 diffiteris
883 934 909 967 ,
948 893 1095 972 quin
1121 887 1231 950 tibi
1256 888 1378 971 ipse
1411 888 1791 971 succenseas,

179 975 238 1039 δ’
263 978 461 1041 doleas
484 978 642 1040 nilzil
662 973 699 1039 ὰ
726 996 781 1039 te
805 1024 828 1057 ,
872 979 1007 1038 dum
1053 978 1187 1039 vino
1225 973 1283 1037 ἃ
1311 975 1520 1060 Jomno
1563 980 1794 1043 libera-

171 1059 295 1127 Iius
330 1065 593 1150 indulges
616 1113 640 1145 ,
687 1064 1012 1127 elucubrati·
1037 1111 1060 1142 ,
1109 1065 1271 1147 quod
1307 1070 1370 1127 in
1406 1068 1606 1152 vulgus
1646 1072 1788 1148 edi,

154 1153 521 1240 probarique
546 1150 689 1239 jure
720 1151 914 1236 poffit.
942 1170 949 1175 ·
982 1149 1275 1233 Quorsum
1320 1156 1564 1238 denique
1588 1162 1792 1220 evadet

166 1259 274 1304 tua
298 1246 408 1329 ista
427 1240 708 1324 socordia
732 1236 769 1303 ?
817 1241 881 1316 in
919 1240 1071 1301 lzanc
1109 1238 1373 1316 villulam
1383 1239 1521 1324 jam
1557 1246 1693 1305 inde
1717 1246 1788 1306 ab

169 1332 348 1395 initio
397 1328 876 1394 Saturnaliorum
928 1346 986 1389 te
1027 1331 1388 1415 proripuzsti·
1406 1327 1670 1412 sobrium
1731 1329 1792 1394 ᾧ
1881 1341 1884 1345 ⁴

152 1419 393 1503 ficcum.
451 1419 607 1482 Cane
644 1418 831 1500 igitur
868 1415 1099 1499 aliquid
1140 1420 1429 1501 egregium
1454 1462 1473 1496 ,
1519 1437 1586 1481 ut
1615 1418 1785 1501 [πρὸ

120 1536 126 1539 ·
167 1507 332 1569 nobis
365 1528 425 1569 es
454 1506 779 1587 pollicitus,
825 1502 976 1586 Age.
1025 1505 1210 1566 Nihil
1229 1507 1380 1568 mihi
1401 1553 1424 1586 ,
1469 1507 1506 1567 ὅ
1542 1510 1791 1569 Dama-

148 1596 323 1680 fippe
346 1643 366 1673 ,
411 1597 473 1656 in
512 1612 761 1654 mentem
785 1593 960 1655 venit.
994 1593 1182 1656 Video
1230 1615 1322 1655 me
1344 1642 1368 1674 ,
1400 1597 1601 1657 invitis
1623 1598 1787 1659 Mu·-

145 1683 235 1768 fi⁵
260 1681 515 1766 scribere
541 1724 558 1752 ‚
589 1678 820 1763 frustra
845 1681 1075 1762 culpam
1103 1684 1169 1745 in
1190 1681 1445 1744 calamos
1471 1681 1715 1765 rejicere
1760 1706 1782 1750 .·

161 1792 237 1833 ac
262 1774 501 1833 tundere
541 1769 708 1831 illum
738 1772 1027 1850 parictem
1053 1818 1075 1848 ,
1116 1774 1227 1855 qui
1273 1769 1505 1853 infelici
1529 1777 1786 1854 quodam

143 1859 290 1944 fizto
317 1857 600 1924 extmflus
622 1859 888 1940 videtur,
933 1876 999 1921 ut
1038 1855 1078 1922 ὰ
1113 1861 1326 1924 Poi'tis
1353 1862 1607 1947 vapulet.
1660 1857 1786 1927 Ae‘-
1833 1916 1844 1923 .

155 2119 254 2170 tibi
294 2122 613 2171 excusationis
637 2123 735 2184 est,
760 2122 933 2170 frustra
968 2120 1180 2169 calamos
1212 2123 1402 2171 accusas
1428 2138 1442 2182 ;
1475 2122 1646 2171 frustra
1685 2141 1780 2186 pa-

154 2186 334 2235 rietem
361 2223 373 2244 ‚
415 2187 540 2246 quafi
574 2187 685 2236 ess'et
734 2189 787 2236 in
826 2186 963 2235 causa
991 2201 1055 2233 ne
1094 2185 1328 2234 scriberes
1349 2225 1364 2248 ,
1408 2188 1559 2235 iratus
1587 2191 1777 2239 tundis.

159 2261 163 2265 ’
227 2249 276 2299 8.
313 2249 490 2300 Par-ies
522 2287 536 2312 ,
568 2251 673 2301 &c.
715 2252 945 2301 solebant
979 2254 1131 2312 po'e'tae
1175 2251 1395 2299 meditari
1444 2255 1584 2300 nostu
1614 2253 1667 2299 in
1703 2269 1782 2302 te·-

153 2315 326 2362 nebris
352 2352 365 2376 ,
392 2316 662 2365 &exarare
696 2316 928 2365 carmina.
962 2321 1077 2363 Eam
1113 2318 1176 2361 ob
1206 2330 1308 2363 rem
1342 2315 1504 2377 praesto
1540 2315 1645 2363 illis
1670 2326 1770 2366 erat

153 2380 213 2426 ad
256 2380 544 2429 interiorem
586 2381 696 2429 leffi
741 2381 971 2442 spondam
1028 2377 1186 2441 §aries
1236 2381 1344 2427 cera
1388 2382 1649 2441 obdufiuS,
1685 2383 1765 2430 vel

152 2444 318 2491 tabula
351 2446 588 2507 quaepiam
629 2446 683 2494 in
722 2446 936 2507 pariete,
969 2445 1021 2491 in
1058 2461 1147 2503 qua
1181 2446 1347 2493 versus
1392 2445 1773 2506 pet-scribebant.

151 2513 291 2556 Hanc
324 2524 484 2558 nutem
515 2510 728 2558 tabulam
748 2546 762 2571 ,
789 2525 869 2557 aut
909 2508 1140 2570 parietem
1161 2544 1174 2569 ,
1207 2510 1237 2556 fi
1268 2509 1394 2557 nihil
1427 2510 1536 2571 ipfis
1577 2511 1774 2560 veniret

149 2572 209 2622 in
253 2589 500 2636 mentem,
534 2575 779 2624 feriebant
813 2574 1079 2621 interdum;
1102 2574 1232 2621 Hinc
1260 2575 1486 2623 Perfius:
1520 2570 1625 2624 Nec
1658 2582 1774 2637 plu·

151 2652 277 2686 teum
305 2640 442 2688 cadit
462 2675 476 2698 ‚
505 2639 608 2690 &c.
646 2641 813 2690 Paries
834 2639 1020 2686 laborat
1037 2674 1050 2699 ,
1082 2638 1215 2701 peitit
1242 2637 1533 2705 injustement
1555 2645 1609 2690 de
1636 2642 1769 2690 votr-'e

151 2704 393 2754 mese-hante
437 2708 647 2754 humeur.
1245 2741 1255 2750 ·

214 2766 372 2816 Iratis
398 2783 540 2818 natus·
575 2768 699 2820 Dts.
737 2768 903 2817 Paties
928 2767 1102 2815 infelix
1137 2781 1149 2810 t
1177 2769 1373 2815 adverso
1411 2768 1510 2816 fato
1544 2768 1600 2817 δε
1642 2770 1769 2831 quast

149 2830 292 2880 iratis
347 2832 494 2882 Musis
527 2834 793 2882 aedificatus
832 2847 847 2876 .·
899 2833 927 2879 “a
975 2833 1132 2894 poiitis
1182 2832 1418 2881 nimirum
1467 2833 1640 2882 solitus
1689 2848 1769 2882 va·

134 2914 137 2917 ’
222 2896 266 2943 la
327 2931 340 2946 .

153 2912 575 3023 ¹”⁸9.“}‡11’rzczrtti.‹.·.
601 2962 822 3023 Minati,
847 2961 912 3009 est
947 2961 1191 3009 interdum
1227 2960 1354 3008 idem
1387 2977 1439 3009 ac
1466 2999 1478 3021 ,
1505 2963 1564 3010 de
1588 2962 1636 3011 se
1675 2962 1769 3024 iac·

147 3039 250 3074 tare
285 3061 299 3084 ‚
355 3027 641 3088 promittere
682 3047 694 3077 ε
740 3025 796 3077 δε
843 3026 1163 3089 promittere,
1211 3025 1412 3075 viciffim
1451 3043 1538 3090 pro
1585 3028 1767 3078 minari

145 3092 542 3220 υΐῗὲἃῖἳὲᾦὶᾱο.
581 3157 671 3207 vel
690 3171 885 3222 propter
910 3156 1026 3206 coeli
1064 3155 1415 3222 clementiam3
1456 3156 1538 3207 vel
1567 3170 1767 3223 propter

143 3219 309 3270 locum
334 3221 610 3276 liberalem.
766 3244 774 3251 ·
1696 3236 1704 3241 '
