2269 3773
540 222 717 307 Lib.
777 219 849 307 I.
914 222 1089 307 Ode
1147 215 1487 307 XXIX.
1740 249 1847 338 79

197 355 391 420 titudo
412 378 420 383 ·
440 360 601 421 ciues
627 377 877 440 pacatos
938 360 1019 419 ad
1060 378 1232 419 arma
1300 361 1512 421 iterum
1561 354 1856 439 sternenda

186 466 524 526 provocet,
578 470 650 510 ac
693 446 1108 529 rempublicam
1150 467 1398 509 evertat.
1480 449 1568 508 Te
1622 445 1861 529 semper

201 540 498 599 antecedit
530 557 691 618 pura
743 536 1063 620 Necessitas
1082 582 1103 614 ,
1152 534 1429 619 instruc'la
1460 537 1627 596 uncis
1671 554 1854 614 proe·

199 624 362 686 duris
389 673 412 705 ,
473 623 720 705 plumbo
742 668 765 701 ,
830 625 1009 686 clavis
1078 624 1407 708 ingentibus
1480 620 1540 685 C?
1603 625 1805 685 cuneis
1828 670 1853 701 ,

197 733 343 794 quos
395 712 611 794 ferrea*
678 732 854 773 manu
920 712 1096 797 gerit.
1164 714 1251 774 Te
1324 709 1635 796 affeclatur
1682 708 1858 797 vulgo

196 802 394 880 Spes,
448 823 673 864 necnon
714 801 936 880 Fides,
981 801 1252 862 candidis
1298 802 1510 862 induta
1560 799 1804 884 vestibus
1832 845 1854 878 ,

201 909 336 971 quoe
372 888 518 952 licet
550 893 616 952 in
662 892 835 950 terris
881 910 1017 951 rara
1048 889 1132 972 fit
1157 935 1180 967 ,
1230 909 1348 950 non
1387 907 1580 950 tamen
1630 908 1687 951 te
1739 890 1852 949 de·-

185 972 374 1058 fierit,
417 982 896 1060 quandocumque
930 977 1272 1058 potentium
1308 978 1465 1039 atria
1520 973 1803 1059 relinquis
1824 1025 1851 1057 ,

200 1085 269 1125 ac
317 1069 526 1152 vestem
560 1066 766 1127 loetam
800 1065 1104 1149 albamque
1161 1084 1317 1127 atrae
1382 1083 1592 1127 mutas.
1678 1066 1854 1127 Tunc

201 1156 353 1215 enim
375 1156 593 1238 fideles
633 1155 815 1215 amici
854 1170 1094 1216 manent
1137 1172 1156 1215 .·
1196 1151 1292 1215 At
1327 1153 1565 1234 perfida
1589 1151 1756 1239 plebs
1792 1150 1854 1215 δ’

202 1248 537 1307 meretrices
560 1290 582 1322 ,
617 1239 891 1326 juratam
925 1242 1112 1326 fidem
1121 1239 1408 1323 frangere
1443 1239 1602 1300 nilzil
1642 1242 1852 1304 veritoe

203 1330 558 1413 abscedunt;
608 1349 782 1413 atque
824 1332 966 1391 adeo
1017 1328 1110 1391 illi
1158 1346 1393 1407 omnes,
1436 1327 1642 1410 quibus
1690 1350 1846 1390 con-

187 1420 440 1502 stantioe
466 1418 625 1502 satis
664 1439 782 1479 non
830 1419 997 1502 estut
1019 1414 1245 1498 sortem
1285 1412 1585 1496 adversam
1610 1462 1633 1494 ,
1686 1417 1851 1501 quafi

189 1510 403 1593 jugum
435 1510 730 1592 quoddam
752 1555 774 1585 ,
822 1502 954 1567 una·
981 1524 1110 1568 cum
1153 1505 1360 1565 amicis
1396 1502 1675 1565 tollerent
1698 1552 1721 1584 ,
1786 1509 1853 1568 in

190 1593 404 1681 fugam
438 1593 510 1678 se
556 1613 900 1659 convertunt
930 1641 952 1671 ,
998 1595 1308 1678 postquam
1375 1594 1700 1653 amicorum
1742 1594 1850 1655 di·-

202 1684 550 1768 lapidarunt
598 1703 734 1763 opes
758 1730 776 1760 ‚
819 1679 877 1743 δ’
924 1702 1124 1744 eorum
1151 1680 1315 1743 dolia
1338 1676 1504 1760 faece
1533 1670 1697 1743 'tenus
1744 1702 1856 1743 ex·-

201 1772 538 1854 hauserunt.
567 1774 693 1835 Fac
720 1774 947 1855 igitur,
975 1790 1042 1833 ut
1068 1768 1365 1852 Caesarem
1384 1771 1446 1829 in
1464 1770 1850 1833 Britanniam

192 1859 600 1946 profefflurum
640 1857 699 1922 δ’
748 1877 1000 1922 recentes
1048 1855 1174 1942 ejus
1221 1859 1457 1938 copias,
1502 1879 1646 1941 quas
1692 1861 1848 1921 Par-

202 1953 292 2014 tlzi
310 1999 327 2031 ,
373 1947 433 2012 δ’
475 1949 586 2013 alii
623 1951 890 2011 Orientis
915 1949 1127 2031 populi
1152 1948 1550 2033 Erythraeum
1579 1947 1852 2009 accolen-

207 2056 286 2101 tes
330 2059 496 2101 mare
519 2088 545 2119 ,
588 2035 1010 2118 pertimescunt
1031 2085 1054 2117 ,
1099 2040 1264 2098 omni
1289 2033 1632 2100 calamitate
1656 2054 1725 2095 ac
1741 2055 1853 2116 pe-

208 2127 386 2190 riculo
402 2126 743 2210 prohibeas.
771 2123 1064 2191 Hac'lenus
1088 2123 1303 2187 bellum
1341 2122 1513 2186 civile
1537 2144 1642 2186 nos
1666 2143 1847 2185 exer-

269 2358 350 2407 28.
408 2356 588 2422 Dolofi
629 2356 783 2418 fhrre.
838 2357 1216 2408 Hellenismus:
1267 2358 1439 2421 perfidi
1498 2357 1554 2407 &
1595 2356 1796 2406 fallaces
1828 2395 1846 2419 ,

204 2437 371 2485 utpote
390 2423 475 2483 qui
498 2436 600 2469 non
629 2420 798 2470 ferunt
821 2458 835 2482 ,
860 2422 962 2471 ὅτε.
986 2424 1064 2473 Sic
1087 2439 1201 2472 ante
1219 2424 1342 2473 dixit
1360 2460 1375 2487 ,
1394 2421 1618 2485 Proefiens
1642 2431 1810 2473 tollere
1830 2459 1847 2484 ,

204 2488 254 2536 id
291 2489 396 2548 est,
443 2503 619 2550 potens
649 2493 716 2536 ad
750 2494 1032 2539 tollendum.

268 2566 347 2614 30.
396 2551 691 2601 Britannos.
743 2554 819 2601 Sic
865 2555 1200 2616 appellabatur
1250 2555 1470 2620 Anglia,
1514 2570 1657 2617 quam
1705 2555 1841 2604 orbi·

203 2618 294 2667 ess'e
329 2621 481 2666 finem
513 2619 570 2664 ad
604 2617 999 2680 Septentrionem
1029 2622 1309 2670 credebant.

269 2697 347 2746 31.
384 2681 634 2732 Examen.
678 2682 882 2744 Proprie
916 2686 976 2732 de
1014 2685 1187 2746 apibus
1227 2686 1446 2749 dicitur;
1505 2684 1835 2747 metaphorice

203 2748 264 2797 de
299 2749 552 2809 exercitu,
595 2747 652 2796 Sc
688 2748 907 2808 qualibet
946 2750 1290 2799 multitudine.

269 2810 424 2862 Eois.
485 2813 823 2862 Orientalibus
857 2832 870 2862 ε
909 2811 1072 2877 ἦὼσςς
1117 2821 1279 2878 Εοϋε;
1335 2811 1461 2876 ἠῶς,
1496 2834 1691 2864 aurora.
1723 2822 1843 2864 Par-

201 2878 314 2925 thos
361 2877 419 2926 8:
457 2878 632 2925 Medos
687 2877 961 2942 intelligit,
1004 2880 1088 2940 qui
1132 2878 1243 2929 cum
1295 2895 1409 2928 ante
1452 2897 1611 2928 annos
1658 2881 1844 2941 aliquot

205 2943 416 2992 Crass‘um
475 2942 878 3002 interemiss‘ent,
932 2944 1200 2994 exercitum
1252 2947 1383 2997 hunc
1429 2945 1484 2992 iu
1544 2945 1592 2993 se
1642 2962 1844 3007 compa-

204 3022 358 3056 tatum
409 3010 664 3059 rebantur.
707 3015 834 3058 Item
873 3013 1087 3070 Arabe-⁰0,
1136 3010 1313 3071 quibus
1351 3010 1538 3060 bellum
1581 3025 1714 3058 anno
1741 3010 1846 3072 post

209 3073 356 3121 tertio
398 3072 616 3120 illatum.

269 3151 351 3200 35.
385 3135 602 3201 Nefhsti.
643 3139 778 3187 Idem
805 3138 872 3187 est
902 3140 1029 3201 quod
1050 3138 1289 3201 nefandi,
1330 3140 1595 3200 infelices,
1627 3139 1844 3191 scelesti.

202 3201 295 3249 Illa
331 3218 423 3250 vox
459 3203 655 3265 proprie
694 3203 945 3254 dicebatur
984 3206 1041 3253 de
1074 3205 1360 3265 quibusdam
1402 3208 1611 3266 diebus,
1662 3206 1839 3266 quibua

204 3266 512 3316 claudebatur
538 3266 729 3330 forum,
764 3285 923 3327 neque
948 3269 1130 3322 lictbat
1145 3271 1344 3335 ptaetoxi
1374 3270 1470 3319 fari
1496 3274 1645 3321 verba
1675 3270 1838 3319 solen·

206 3330 320 3400 nia,
357 3331 447 3385 Do
473 3369 492 3397 ,
534 3330 670 3384 Dico
693 3368 712 3398 ,
747 3331 965 3388 Addico.
1347 3399 1412 3465 D
1464 3394 1479 3409 .
