2269 3773
487 208 529 293 3
547 208 654 294 94
884 181 1203 267 Horatii
1262 180 1697 267 Satirarum

583 302 702 368 Nec
738 307 914 382 fetro,
957 326 1016 368 ut
1051 310 1269 369 demens
1299 312 1615 384 genitricem
1654 313 1850 372 occidit
1881 315 2116 377 Orestes·

487 388 494 389 ⁷
584 382 677 439 An
706 400 763 439 tu
803 383 931 441 reris
975 402 1099 441 eum
1144 383 1312 453 ochsa
1354 382 1593 442 insanisse
1624 392 1878 456 patente?

495 472 556 525 13
571 472 589 521 5
604 454 713 513 ‚Ac
746 476 853 511 non
873 470 996 512 ante
1017 455 1170 511 malis
1189 455 1494 513 dementem
1517 460 1701 514 adium
1721 458 1925 534 Furiis,
1952 458 2113 532 quam

586 525 646 581 In
689 528 873 585 mattis
913 524 1108 598 iugulo
1144 526 1345 584 fetrum
1384 528 1630 597 tepefecit
1670 537 1932 589 acutum?

592 596 744 679 Quin
765 618 829 654 ex
851 619 959 669 quo
986 599 1063 654 est
1082 598 1295 657 habitus
1326 600 1467 656 male
1489 616 1622 657 tutte
1642 603 1843 659 mentis
1864 602 2083 661 Orestes
2096 644 2115 674 ,

585 667 682 724 Ml
716 669 836 733 fiee
878 668 1039 740 fecit,
1081 669 1226 741 quod
1266 689 1327 728 tu
1355 669 1737 742 reprehendere
1773 672 1964 744 postis:
2090 686 2093 689 '

585 738 713 798 Non
747 740 985 815 Pyladen
1025 738 1167 799 ferro
1202 743 1401 799 violare
1443 741 1662 800 aususve
1700 745 1946 816 =sororem
1983 748 2058 802 est

495 810 1172 881 140.Elestmm:eants1m
1208 813 1474 870 maledicit
1511 814 1724 885 utrique
1744 860 1762 887 ,
1796 818 2037 874 vocando

505 953 510 957 ¹
583 883 763 953 Hanc,
800 883 1454 1012 l{tn-riam‚'hunc‚‚aliud,
1484 884 1627 954 juffit
1658 886 1806 958 quod
1841 887 2107 959 splendida

839 974 938 1014 lis.
1779 1000 1794 1015 .

582 1022 791 1097 Pauper
828 1026 1082 1098 Opimius
1120 1029 1329 1099 argenti
1361 1026 1518 1097 positi
1554 1027 1738 1098 intus,
1776 1037 1832 1087 δε
1870 1031 2027 1103 auri,

583 1096 703 1225 gui
740 1099 1100 1157 Veientanum
1139 1098 1281 1155 festis
1315 1117 1503 1170 potare
1539 1098 1725 1156 diebus

641 1166 866 1241 ampana
895 1169 1075 1229 solitus
1106 1171 1267 1228 trulla
1286 1213 1304 1243 ,
1340 1191 1676 1243 vappamque
1709 1165 1989 1240 profestis,

487 1242 920 1316 {45.Quondam
957 1239 1205 1314 lethargo
1241 1242 1431 1314 grandi
1452 1242 1527 1300 est
1546 1242 1852 1314 oppreffus;
1876 1258 1937 1297 ut
1958 1244 2109 1304 heres

443 1536 448 1541 .
553 1507 667 1559 133.
707 1488 811 1548 Nec
836 1493 973 1554 ferro
991 1529 1008 1553 ,
1046 1490 1152 1542 &c.
1174 1498 1286 1541 Duo
1311 1493 1543 1555 proponit
1577 1492 1671 1542 ine
1693 1508 1863 1542 avarus
1882 1529 1896 1553 ‚
1924 1491 2102 1552 quibus

486 1557 748 1613 amentiam
780 1557 969 1607 excuset
1008 1573 1023 1601 .·
1053 1574 1240 1617 unum,
1266 1558 1313 1605 se
1348 1560 1452 1606 haec
1488 1557 1670 1606 scelera
1703 1573 1809 1604 non
1851 1557 2102 1605 admittere

486 1623 635 1685 Argis
655 1657 669 1681 ‚
715 1620 770 1667 in
801 1625 917 1672 urbe
960 1621 1237 1683 parricidiis
1263 1621 1475 1684 infami,
1505 1622 1586 1670 sed
1620 1631 1828 1683 Romae;
1860 1622 2065 1670 alterum
2084 1657 2098 1681 ‚

485 1685 535 1733 se
569 1687 735 1749 gladio
775 1687 1028 1736 abstinere.
1064 1686 1345 1750 Respondet
1368 1688 1657 1749 Stertinius,
1685 1686 1901 1736 Orestem
1921 1723 1938 1747 ‚
1966 1701 2103 1734 ante-

486 1765 627 1810 quam
709 1751 840 1798 ladio
874 1766 1089 1801 uteretur
1113 1787 1128 1811 ,
1161 1751 1385 1800 insanum
1416 1751 1564 1801 fuisse*
1597 1767 1610 1794 τ
1638 1768 1732 1801 nec
1751 1752 1805 1799 in
1823 1767 1884 1800 eo
1905 1752 2100 1814 pofitam

485 1815 577 1863 effe
610 1830 663 1863 in
690 1815 878 1876 aniam,
916 1816 947 1863 fi
976 1816 1086 1875 quie
1107 1816 1295 1866 ferrum
1322 1816 1522 1880 stringat
1544 1833 1730 1878 necne,
1760 1812 1904 1864 modo
1933 1816 2103 1864 vitiosa

484 1881 750 1943 cupiditate
787 1880 843 1929 fit
863 1880 1163 1945 implicatus.
1198 1882 1393 1931 Deinde
1413 1882 1670 1946 respondet
1689 1891 1861 1931 Romae
1883 1917 1897 1941 ‚
1930 1881 2099 1931 itidem

486 1959 541 1993 ut
565 1947 711 2013 Argis
734 1983 750 2009 ,
772 1947 974 1996 insanos
1014 1947 1104 1995 effe
1124 1965 1145 2007 ,-
1172 1948 1300 2009 quod
1336 1949 1516 2009 opinor
1537 1984 1552 2010 ,
1573 1950 1716 1996 docet
1742 1945 1963 2008 exemplo
1978 1947 2100 2007 Opi-

483 2012 609 2072 mii,
636 2019 778 2074 qu‘em
803 2021 1078 2063 Romanum
1099 2013 1352 2061 hominem
1377 2012 1515 2063 fuiffe
1531 2050 1549 2078 ,
1573 2013 1731 2077 ipsum
1762 2026 1952 2064 nomen
1985 2010 2100 2060 satis

487 2078 695 2128 iudicat.

553 2139 764 2208 Orestes.
798 2142 960 2192 Filius
1004 2142 1400 2206 Agamemnonis
1438 2141 1537 2192 fuit
1572 2142 1629 2193 Sc
1670 2139 2040 2207 clytemnestrae
2083 2160 2096 2190 ε

486 2223 588 2269 quae
608 2210 768 2257 virum
789 2207 926 2256 suum
942 2214 1362 2272 Agamemnonem
1381 2244 1396 2268 ‚
1415 2206 1439 2254 ὲ
1465 2209 1593 2258 bello
1618 2208 1831 2270 Trojano
1855 2206 2098 2254 reversum

480 2271 752 2334 intcrficit,
791 2273 1049 2334 adjuvante
1087 2272 1268 2336 AEgisto
1319 2272 1535 2321 adultero
1580 2288 1592 2317 :
1644 2287 1845 2333 quaeque
1884 2270 2128 2319 Orestem·

485 2337 712 2386 similiter
737 2339 761 2387 ὲ
783 2339 943 2387 medio
979 2336 1233 2387 sustuliss'et
1255 2373 1269 2397 ‚
1301 2338 1392 2385 nifi
1416 2338 1522 2399 ejus
1556 2338 1687 2386 soror
1722 2337 1908 2385 Eleflra
1940 2334 2093 2397 ipsum

487 2401 613 2451 clam
640 2405 696 2450 ad
729 2404 1005 2466 Strophium
1024 2439 1038 2463 ,
1067 2416 1233 2466 regem
1267 2403 1586 2450 Phocenfium
1614 2438 1629 2464 ,
1660 2402 1870 2450 miflffet.
1909 2399 2094 2449 Orestes

487 2464 598 2514 cum
624 2467 904 2516 adoleviffet
942 2468 1137 2515 domum
1172 2467 1350 2527 rediit,
1380 2469 1463 2514 ubi
1507 2482 1610 2514 non
1652 2465 1797 2514 modo
1824 2465 2090 2530 AEgistum',

483 2529 566 2577 sed
592 2533 742 2593 ipsam
768 2549 956 2593 quoque
985 2547 1187 2580 matrem
1221 2532 1478 2579 interemit
1492 2532 1651 2580 variis
1667 2531 1845 2578 exinde
1865 2529 2092 2592 periculis

483 2591 713 2656 jaflatus,
752 2597 807 2643 in
846 2598 952 2644 illis
996 2598 1217 2660 Pyladen
1244 2632 1260 2657 ,
1303 2597 1463 2644 filium
1501 2596 1751 2658 Strophii,
1794 2596 1980 2643 socrum
2026 2596 2091 2641 fi-

485 2659 773 2708 deliflimum
800 2661 997 2708 habuit:
1019 2676 1252 2721 tantoque
1279 2661 1411 2709 inter
1430 2662 1478 2710 se
1503 2660 1715 2711 devint-'ti
1733 2674 1872 2710 erant
1897 2672 2087 2722 amore,

486 2738 541 2771 ut
568 2724 624 2771 in
656 2740 778 2773 verae
812 2725 1330 2788 amicitiaessspecimen
1372 2727 1740 2789 exemplumque
1781 2720 1934 2789 vulgo
1976 2739 2089 2787 pro·

521 2804 752 2838 onantur.

485 2805 517 2853 p
554 2866 664 2916 ¹35·
704 2852 892 2904 Furiis.
938 2856 1014 2903 Ab
1066 2854 1132 2904 iis
1169 2854 1358 2906 Orestes
1384 2856 1593 2921 agitatus
1633 2853 1735 2904 fuit
1785 2856 1854 2903 ob
1892 2867 2091 2903 matrem

482 2916 805 2967 interfectam.

553 2998 664 3040 141.
708 2981 968 3046 Splendida
1009 2984 1146 3034 bitis.
1188 2985 1313 3034 nilis
1350 2985 1468 3034 flava
1494 3019 1509 3045 ‚
1553 2999 1696 3045 quam
1732 2984 1937 3032 vitream
1977 2990 2094 3032 Per-

484 3048 577 3096 sxus
606 3049 844 3112 appellat:
868 3051 931 3098 est
964 3051 1098 3099 enim
1132 3049 1307 3110 altera,
1338 3066 1478 3111 quam
1501 3057 1649 3097 atram
1676 3063 1857 3097 vocant
1882 3049 2087 3100 medici:

482 3114 585 3161 haec
625 3113 1003 3164 melancholiam
1044 3115 1257 3173 excitat;
1292 3115 1380 3162 ina
1423 3115 1543 3162 iram
1591 3112 1645 3162 &
1683 3113 1900 3161 furorem
1939 3127 1952 3157 :
1990 3114 2090 3162 haec

482 3178 537 3228 in
571 3180 739 3241 splene
773 3177 1007 3242 recipitur
1035 3216 1049 3240 ‚
1095 3195 1149 3227 ut
1183 3179 1446 3243 frigidior,
1485 3178 1785 3246 ficciorque3
1826 3177 1916 3232 illa
1964 3178 2091 3230 circa

480 3259 564 3294 cor
598 3245 875 3294 accenditur
897 3279 915 3308 ‚
948 3259 1051 3307 quae
1079 3244 1256 3294 caloris
1275 3242 1513 3302 pificina.
1556 3272 1567 3282 ·
