2269 3773
507 158 561 238 4
575 156 604 205 1
624 155 672 204 0
900 117 1215 201 Horatii
1277 116 1345 198 S
1350 116 1715 197 atirnrftm

508 248 850 328 255.Dicitur
888 267 952 302 ex
994 246 1134 301 collo
1165 240 1358 300 furtim
1402 241 1637 310 carpiiffe
1674 261 1922 308 coronas,

605 324 891 390 Postquam
925 318 999 373 est
1039 315 1288 385 impransi
1329 333 1602 382 correptus
1642 334 1774 371 voce
1806 311 2066 384 magistri.

610 391 851 461 Porrigis
888 390 1026 446 irato
1065 407 1234 457 puero
1275 407 1444 458 quum
1479 405 1679 458 poma,
1714 384 1953 442 recusat:

612 467 807 532 Sume,
852 459 1091 519 Catelle3
1125 477 1288 529 negat
1311 483 1326 512 ε
1350 457 1389 514 si
1411 478 1518 513 non
1553 455 1674 528 deS,
1717 472 1891 528 optat.
1909 457 2132 513 Amator

612 532 866 593 Exclusus
889 532 981 601 qui
998 530 1185 588 distat?
1219 531 1335 601 agit
1358 529 1449 603 ubi
1489 527 1700 597 secum,
1744 545 1861 595 eat,
1907 549 1974 584 an
1998 550 2132 600 non,

525 608 788 680 260.Quo
822 603 1080 660 rediturus
1110 618 1226 659 erat
1250 604 1370 658 ‘non
1409 598 1703 660 arceffitus;
1744 609 1799 657 δε
1831 598 2007 671 haeret

615 676 798 735 Invifis
827 674 1059 731 foribus?
1091 673 1209 729 Nec
1242 692 1383 729 nuuc
1451 691 1622 741 quum
1645 691 1735 728 me
1755 687 1912 729 vocet
1934 672 2105 742 ultre,

619 748 932 808 Accedam?
971 766 1039 802 an
1072 746 1251 816 potius
1288 715 1513 801 metiiter
1542 740 1694 798 finire
1724 742 1974 799 dolores?

623 817 882 889 Exclusit,
919 833 1169 875 revocat:
1197 815 1441 872 redeam?
1473 836 1607 880 non,
1640 812 1676 871 fi
1714 814 1970 873 obsecret.
2003 812 2141 869 Ecce

621 893 851 960 Servus,
896 909 1005 944 non
1039 887 1206 957 paulo
1238 886 1520 957 sapientior
1557 908 1570 942 z
1604 887 1659 942 O
1699 885 1855 956 here,
1899 905 2017 956 qua:
2063 904 2141 941 res

525 961 781 1035 265.Nec
821 958 1048 1017 modum
1088 957 1286 1031 habet,
1330 978 1502 1029 neque
1542 957 1861 1032 confilium,
1905 956 2141 1029 ratione,

821 1030 1093 1100 modoque
1777 1054 1783 1058 ·

619 1105 675 1161 T
680 1103 868 1161 radiari
888 1124 994 1159 non
1015 1104 1148 1159 vult.
1169 1099 1232 1157 In
1252 1104 1436 1158 amore
1456 1098 1569 1156 haec
1582 1101 1701 1157 sunt
1714 1101 1886 1170 mala,
1909 1098 2111 1156 bellum
2126 1143 2144 1172 ,

619 1177 730 1233 Pax
770 1173 996 1232 rursum.
1035 1173 1166 1228 Haec
1190 1171 1224 1227 fi
1250 1172 1367 1242 quis
1388 1170 1715 1240 tempestatis
1739 1191 1905 1241 prope
1925 1172 2032 1229 ritu

621 1245 851 1304 Mobilia
871 1290 887 1319 ,
931 1254 983 1302 δε
1025 1263 1159 1301 caeca
1200 1243 1463 1300 fluitantia
1496 1244 1635 1301 sorte
1653 1287 1670 1314 ,
1704 1244 1911 1299 laboret

624 1317 865 1375 Reddere
893 1332 1036 1373 certa
1078 1315 1209 1384 fibi,
1243 1314 1417 1371 nihilo
1443 1318 1563 1383 plus
1600 1314 1859 1385 explicet,
1900 1335 1962 1371 ac
1996 1311 2039 1370 fi

532 1390 905 1461 27o.lnsanire›
930 1406 1081 1457 paret
1107 1386 1250 1442 certa
1276 1386 1508 1457 ratione,
1548 1386 1838 1454 modoque,

622 1460 812 1587 guid?
850 1479 1019 1530 quum
1061 1456 1264 1515 Picenis
1303 1478 1582 1526 excerpens
1625 1457 1826 1513 semina
1858 1456 2071 1527 pontis,

677 1529 863 1603 aude8‚
899 1529 936 1587 fi
971 1548 1236 1588 cameram
1260 1529 1483 1597 percusti
1517 1527 1685 1595 forte,
1706 1549 1865 1598 penes
1887 1549 1940 1585 te
1958 1548 2015 1585 es
2035 1535 2060 1586 ἒ

624 1602 816 1674 Quid?
850 1623 1019 1672 quum
1049 1600 1205 1658 balba
1237 1600 1362 1658 feris
1389 1599 1589 1657 annoso
1624 1600 1784 1657 verba
1820 1601 2002 1671 palato

591 1751 709 1813 258.
748 1750 944 1801 Catelle.
985 1758 1090 1800 Vox
1141 1752 1445 1802 blandientis
1474 1788 1488 1813 ‚
1532 1753 1720 1802 catulus
1743 1785 1761 1814 ‚
1801 1754 2006 1803 catenus
2026 1789 2044 1814 ‚
2083 1773 2143 1803 un

525 1818 648 1883 petit
681 1818 818 1866 chien
838 1851 854 1878 ,
888 1835 953 1865 un
976 1816 1164 1868 bichen-

553 1911 558 1914 -
595 1897 713 1945 259.
752 1882 879 1948 Agit
926 1881 1005 1932 ubi
1031 1882 1192 1944 ficum
1221 1915 1238 1943 ,
1273 1880 1378 1934 Sec.
1419 1890 1618 1945 Sumpta
1655 1881 1769 1932 sunt
1811 1885 1909 1932 haec
1949 1885 1972 1933 ὲ
2008 1884 2145 1933 scena

531 1956 578 1999 1.
616 1953 761 1998 Actus
809 1957 852 1998 Ι.
884 1949 1108 1996 Eunuchi
1142 1949 1450 1996 Terentiana·
1471 1984 1486 2009 ,
1515 1949 1600 1997 ubi
1634 1949 1858 1996 Phaedria
1906 1950 2141 2010 juvenis,

533 2015 755 2063 exclusus
778 2014 807 2060 ἰ
842 2013 1023 2074 Ta‘x'de,
1057 2029 1168 2060 mox
1192 2017 1249 2060 ab
1285 2029 1340 2061 ea
1378 2028 1663 2072 revocatus,
1699 2013 1974 2075 deliberat,
2014 2030 2144 2076 quae·

535 2081 695 2139 ritque
728 2094 837 2126 cum
867 2085 1179 2127 Parmenone
1227 2078 1454 2137 servulo,
1485 2094 1606 2126 num
1638 2094 1744 2125 eam
1779 2079 1912 2127 adire
1961 2081 2144 2127 debeat.

505 2151 716 2193 ,Locum
757 2145 889 2190 hunc
926 2143 1130 2189 totidem
1172 2142 1276 2189 fere
1307 2143 1472 2190 verbis
1501 2143 1733 2190 Horatius
1779 2145 2009 2192 exscribit
2039 2145 2142 2204 hic,

535 2209 659 2256 mira
697 2207 936 2270 facilitate¹
980 2206 1037 2255 δε
1081 2207 1360 2269 brevitate,
1409 2207 1609 2255 mutatis
1653 2208 1883 2257 duntaxat
1932 2225 2148 2257 contrac-

533 2273 689 2333 tisque
732 2270 1000 2321 verficulis.

599 2350 712 2399 271.
731 2334 944 2386 Picenis.
961 2341 1093 2399 Ager
1118 2335 1334 2384 Picenus
1354 2336 1410 2384 in
1427 2336 1569 2384 Italia
1595 2337 1662 2385 est
1683 2354 1696 2398 3
1722 2354 1981 2399 pomorum
1999 2340 2143 2388 ferax:

535 2401 732 2464 respicit
752 2402 1051 2463 superiorem
1083 2401 1320 2448 Adriatici
1346 2402 1493 2448 maris
1516 2418 1696 2462 partem
1714 2438 1728 2461 ‚
1753 2417 1890 2450 nunc
1916 2411 1967 2451 la
2002 2401 2149 2451 Mar-

537 2473 619 2519 che
649 2463 894 2515 d'Ancone
925 2464 1195 2528 appellatur
1231 2484 1245 2514 ε
1273 2466 1457 2513 semina
1479 2501 1494 2527 ,
1531 2473 1600 2514 les
1626 2468 1821 2528 pepins.

603 2545 717 2594 272.
754 2527 983 2592 Percusti.
1009 2536 1102 2578 Pro
1125 2566 1142 2589 ,
1164 2527 1420 2591 percuffisti
1451 2546 1462 2574 τ
1498 2531 1592 2590 fic,
1616 2532 1785 2591 dixti,
1823 2546 1939 2591 pru,
1973 2532 2145 2580 dixisti.

538 2594 847 2643 Primoribus
878 2595 1048 2657 digitis
1071 2594 1345 2657 compteflis
1394 2595 1581 2643 semina
1611 2612 1869 2657 pomorum
1902 2597 2149 2654 eiaculan-

539 2673 614 2710 tes
635 2693 650 2719 ,
679 2658 712 2704 sn
735 2657 924 2705 triclini
946 2659 1144 2706 lacunar
1173 2659 1434 2724 attigifl'ent
1453 2696 1469 2723 ,
1494 2664 1653 2722 bene;
1691 2661 1764 2708 fin
1787 2659 1954 2708 minus
1975 2695 1993 2720 ,
2025 2661 2146 2709 male

537 2728 599 2775 de
627 2724 725 2774 suls
757 2722 1002 2770 amoribus
1035 2727 1410 2787 augurabantur.

606 2805 724 2855 273.
758 2787 920 2837 Bulba
944 2825 959 2850 ,
993 2787 1098 2837 &c.
1125 2789 1202 2836 Est
1225 2790 1278 2838 id
1305 2791 1434 2851 quod
1462 2789 1531 2837 ait
1562 2788 1792 2838 Tibullus
1821 2824 1837 2851 ,
1863 2788 2151 2840 Blanditias

540 2857 740 2907 tremula
773 2871 1043 2915 componere
1074 2871 1206 2904 voce.
2002 2879 2005 2884 ·

604 2920 749 2970 Feris
776 2925 969 2981 palato.
1006 2918 1174 2967 Illidis
1211 2917 1268 2968 &
1305 2918 1430 2978 quafi
1458 2917 1701 2982 impingis
1737 2919 1981 2967 decurtata
2010 2923 2153 2968 verba

539 2987 699 3049 palato
740 2983 1027 3045 resonanti3
1068 2997 1218 3041 utque
1259 2983 1450 3032 Perfius
1503 2983 1756 3043 loquitur,
1797 2992 1894 3032 Sat.
1936 2991 1982 3033 Ἰ.
2023 2982 2154 3046 Sup-

534 3058 760 3115 plantas.
794 3048 917 3098 vide
942 3064 1047 3108 quae
1069 3047 1345 3108 scripfimus
1369 3048 1426 3095 in
1455 3063 1568 3095 eum
1601 3049 1754 3096 Perfii
1791 3048 2154 3108 locum.‚Notat

538 3116 806 3167 Lambinus
840 3111 918 3159 hic
964 3113 1055 3160 effe
1094 3112 1396 3178 hypallagen
1415 3112 1447 3178 ,'
1470 3128 1558 3176 pro
1576 3148 1596 3177 ,
1632 3128 1746 3164 cum
1792 3113 1958 3163 balbis
1995 3113 2158 3164 verbis

542 3180 782 3231 annosum
818 3177 1028 3245 palatum
1065 3175 1208 3231 feris.
1420 3195 1425 3200 ·
1834 3215 1837 3218 .
