2269 3773
432 128 595 214 186
824 131 928 244 ρ.
990 92 1306 216 Ηονέιιῑῑ
1359 136 1649 223 Flacci.

423 261 708 332 25.Multa
745 260 1020 321 Dircaeum
1061 265 1204 321 levat
1246 286 1372 325 aura
1411 288 1675 345 cycnum,

518 332 758 407 Tendit,
800 334 1037 407 Antoni,
1073 338 1284 407 quoties
1320 339 1375 396 in
1408 343 1544 397 altos

519 403 764 465 Nubium
806 409 1045 470 tractum
1079 427 1190 479 ego
1210 452 1227 479 ,
1270 411 1384 483 apis
1413 412 1637 470 Matinae

831 476 992 535 More
1033 479 1302 553 modoque
1325 526 1346 556 ,

521 547 692 605 Grata
728 550 986 620 carpentis
1013 548 1208 624 thyma
1241 573 1335 623 per
1365 553 1605 611 laborem

430 618 822 692 30.Plurimum
841 667 859 695 ,
902 621 1037 679 circa
1076 642 1296 696 nemus,
1335 624 1588 698 uvidique

523 692 746 751 Tiburis
774 694 942 767 ripaS,
975 696 1203 763 =operosa
1234 716 1427 766 parvus

834 764 1091 823 Carmina
1130 766 1301 839 fingo·

527 832 794 896 Concines
829 839 1034 909 majore
1070 843 1229 908 po'eta
1263 839 1470 911 plestro

531 904 833 979 Caesarem,
870 909 1188 981 quandoque
1223 910 1400 969 trahet
1425 909 1627 980 feroces

428 975 634 1047 ss-Pcr
663 978 867 1038 sacrum
897 981 1125 1053 clivum,
1157 983 1349 1040 merita
1372 983 1593 1045 decorus

836 1052 1081 1126 Fronde,
1117 1053 1449 1113 Sicambros:

528 1120 663 1249 guo
713 1120 846 1179 nihil
874 1126 1078 1196 majus,
1118 1124 1372 1185 meliusve
1409 1126 1565 1185 terris

578 1211 667 1251 ata
698 1193 959 1253 donavere
978 1240 997 1265 ,
1032 1196 1264 1268 bonique
1308 1197 1438 1256 Divi
1463 1221 1481 1268 ς

531 1261 648 1323 Nec
679 1263 916 1337 dabunt,
955 1270 1198 1339 quamvis
1238 1268 1455 1327 redeant
1494 1268 1552 1328 in
1596 1288 1791 1330 aurum?

515 1375 528 1391 .
829 1340 1106 1409 Tempora
1138 1338 1385 1409 priscum.

536 1405 801 1464 Concines
839 1411 1093 1481 laetosque
1127 1410 1270 1482 dies,
1315 1419 1368 1469 &
1405 1411 1573 1470 Urbis

534 1477 812 1537 Publicum
854 1482 1041 1539 ludum
1079 1483 1232 1554 super
1269 1484 1560 1554 impetrato

536 1548 715 1607 Fortis
748 1552 985 1623 Augusti
1019 1554 1225 1625 reditu,
1258 1553 1548 1627 forumque

846 1624 1053 1682 Litibus
1087 1626 1300 1685 orbum.

443 1690 695 1764 45.Tum
731 1712 893 1761 meae,
929 1695 966 1751 fi
1004 1696 1131 1766 quid
1159 1699 1354 1769 loquor
1385 1696 1746 1771 audiendum,

542 1762 709 1820 Vocis
743 1765 951 1824 accedet
986 1766 1128 1825 bona
1162 1789 1320 1839 pars3
1364 1777 1418 1826 &
1458 1768 1498 1828 ὂ
1533 1770 1629 1825 Sol

540 1832 802 1908 Pulcher,
844 1835 884 1895 ὂ
923 1837 1180 1897 laudande
1200 1884 1217 1913 ,
1259 1860 1442 1899 canam
1460 1885 1478 1916 ,
1506 1856 1721 1912 recepto

856 1908 1065 1968 Caesare
1104 1912 1249 1970 felix.

535 1977 743 2050 Tuque
778 1979 912 2038 dum
947 1981 1222 2056 procedis,
1263 1983 1328 2042 Io
1358 1981 1633 2056 triumphe
1651 2027 1673 2057 ,

436 1347 509 1406 40

517 2214 601 2262 25.
627 2200 908 2255 'Dircoeum.
942 2205 1091 2254 Dirce
1131 2204 1252 2253 fons
1286 2202 1385 2252 fuit
1426 2204 1484 2253 in
1515 2201 1669 2252 Boetid
1700 2237 1717 2263 ,
1757 2217 1860 2251 non
1895 2201 2068 2278 procui

447 2268 633 2317 *thebis
651 2304 666 2330 ,
689 2285 796 2328 quae
822 2270 1025 2319 Pindari
1044 2270 1216 2331 patria.
1253 2272 1428 2318 Pol-'tas
1451 2284 1567 2317 vero
1583 2284 1771 2332 cycnos
1794 2280 2070 2329 nuncupari

449 2347 628 2380 notum
663 2333 729 2380 est
749 2369 765 2397 ,
804 2335 932 2394 quod
956 2334 1053 2383 illac
1085 2335 1312 2384 volueres
1337 2334 1481 2382 sacrae
1514 2333 1665 2382 effent
1687 2332 1953 2396 Apollini,
2005 2330 2063 2381 δε

454 2396 718 2445 suavissime
751 2414 926 2447 canere
969 2399 1276 2460 jaaarentur.
1319 2399 1515 2447 Dicitur
1560 2412 1719 2448 autem
1766 2402 1823 2447 ab
1865 2404 2069 2445 Horatio

452 2460 696 2510 Pindarus
720 2463 873 2512 multa
907 2463 1095 2514 sursum
1119 2463 1332 2527 propelli
1356 2463 1544 2526 semper
1581 2466 1692 2512 aura
1713 2500 1728 2523 ,
1755 2464 1882 2524 quod
1912 2461 2069 2524 reipsi

455 2525 701 2575 Pindarus
737 2542 996 2589 nunquam¹
1017 2526 1153 2593 iepat
1183 2529 1350 2589 humi,
1382 2544 1465 2577 aut
1497 2528 1652 2578 veluti
1702 2529 1933 2594 fatigatus
1980 2529 2069 2575 de-

456 2590 619 2652 cidat,
658 2591 709 2638 id
736 2594 864 2651 quod
902 2595 1106 2656 optimis
1142 2595 1392 2659 interdum
1424 2593 1583 2656 poe'tis
1621 2593 1711 2643 usu
1744 2593 1904 2642 venit.

523 2668 606 2716 27.
641 2652 852 2707 Nubium
874 2662 1068 2710 tradas.
1104 2659 1246 2708 A’e‘ris
1276 2658 1401 2707 vasta
1432 2658 1581 2719 spatia
1604 2694 1620 2719 ,
1642 2657 1728 2708 ubi
1764 2662 1919 2707 nubes
1945 2673 2075 2721 pen-

456 2719 609 2782 dent,
644 2716 701 2769 &
738 2723 832 2771 huc
864 2723 990 2773 illuc
1015 2726 1291 2774 trahuntur.
1326 2726 1551 2785 Traems,
1581 2726 1639 2773 de
1678 2724 1804 2773 terrai⁴
1827 2723 1985 2773 etiam.
2010 2721 2070 2772 δε

459 2783 583 2832 mari
616 2784 795 2835 dieitur
820 2824 836 2851 ,
874 2804 961 2853 pro
996 2803 1127 2853 parte
1166 2789 1326 2849 aliqua
1368 2787 1425 2838 &
1459 2788 1686 2854 regione.

527 2846 763 2899 Matina.
804 2858 936 2918 Ager
971 2856 1192 2904 Marinus
1216 2869 1318 2903 erat
1353 2853 1408 2904 in
1436 2853 1631 2916 Apulia.
1855 2917 1869 2928 .

531 2926 611 2977 31.
654 2915 872 2969 Tiburis.
891 2920 1074 2982 Tibur,
1105 2920 1205 2969 fuit
1220 2921 1336 2968 urbs
1352 2918 1475 2969 Latii
1496 2933 1665 2979 ,nunc
1699 2916 1887 2968 Τὶνοιι.
1914 2922 2079 2978 Prope

461 2974 601 3026 illam
633 2984 804 3029 urbem
840 2984 896 3032 in
921 2984 1057 3049 sylva
1087 2985 1203 3033 fons
1226 2997 1327 3032 erat
1347 2984 1602 3047 Albunea,
1641 2998 1735 3032 nec
1762 2981 1929 3045 procul
1967 2987 2076 3028 Ro·

461 3044 580 3093 rarii
604 3045 798 3097 villula.
817 3049 968 3111 Ripas
1003 3050 1157 3113 igitur
1176 3049 1373 3098 Tiburis
1405 3062 1546 3097 vocat
1561 3083 1577 3109 ,
1621 3047 1751 3110 ripas
1771 3047 2006 3095 Albuneae
2023 3045 2082 3095 δε

466 3107 760 3172 fluviorum,
798 3127 913 3175 puta
941 3115 1185 3176 AnieuiS,
1220 3108 1452 3178 ffiffieris,
1493 3112 1600 3168 δίε.
1637 3113 1724 3176 qui
1757 3112 2082 3163 Tiburtinum.

465 3189 634 3240 agrum
674 3178 929 3238 perluunt.
2018 3198 2027 3207 ‘

533 3253 615 3293 20·
655 3240 824 3297 pridi·
857 3245 1096 3313 Eumidi,
1131 3243 1387 3314 uuginofi·
