2269 3773
413 134 520 218 28
535 165 586 218 2
819 134 1137 219 Horatii
1193 138 1633 224 Satirarum

506 262 721 323 Causa
760 259 846 319 sed
883 263 1087 334 ignotis
1127 266 1400 336 perierunt
1433 269 1698 329 mortibus
1737 267 1850 344 illi,

511 334 670 409 Quos
689 333 959 393 Venerem
979 335 1234 395 incertam
1268 340 1558 414 rapienteS,
1598 362 1754 401 more
1770 343 2067 418 ferarum,

415 420 540 466 no.
560 415 592 465 v
610 407 773 465 itibus
798 406 993 464 editior
1028 410 1261 468 caedebat
1293 430 1351 468 ut
1395 411 1451 468 in
1492 432 1663 485 grege
1696 435 1904 475 taurus,

515 480 644 537 Jura
672 478 885 536 inventa
920 499 1070 537 metu
1105 482 1288 552 injusti
1322 481 1521 541 fateare
1556 486 1757 544 neceffe
1793 489 1905 562 est,

516 552 796 621 Tempora
834 551 906 625 fi,
939 548 1205 625 fastosque
1247 555 1376 612 velis
1412 560 1659 616 evolvere
1693 558 1901 616 mundi.

522 621 643 680 Nec
680 643 865 681 natura
902 625 1078 696 potest
1113 627 1256 697 justo
1296 629 1564 688 secernere
1604 629 1889 704 iniquum,

515 693 729 752 Dividit
770 712 830 752 ut
870 694 1010 754 bona
1043 694 1256 756 diversis
1276 739 1293 768 ,
1332 698 1588 772 fugienda
1630 702 1890 773 petendis.

430 765 678 838 115.Nec
734 767 911 825 vincet
963 767 1101 827 ratio
1151 768 1254 828 hoc
1274 814 1291 844 ,
1335 770 1678 831 tantumdem
1720 790 1784 834 ut
1834 795 2078 850 peccet,

807 838 1058 912 idemque
1082 883 1099 913 ,
1627 905 1630 907 ,

519 909 638 998 Qui
678 926 888 969 teneros
929 912 1102 969 caules
1143 913 1301 971 alieni
1335 915 1559 987 fregerit
1597 919 1783 989 horti,

522 984 598 1042 ht
629 983 720 1053 qui
761 984 1051 1044 nosturnus
1081 983 1223 1043 sacra
1257 985 1468 1045 Divfim
1506 988 1719 1060 legerit.
1755 989 1920 1048 Adfit

509 1053 773 1127 Regula,
809 1057 1036 1125 peccatis
1074 1077 1193 1127 quae
1230 1078 1418 1127 poenas
1456 1060 1661 1132 irroget
1694 1081 1913 1132 aequas:

521 1120 611 1182 Ne
650 1126 842 1185 scutica
885 1126 1142 1200 dignum,
1185 1127 1429 1187 horribili
1469 1130 1669 1189 scetere
1703 1135 1951 1203 flagella

432 1197 712 1256 120.Nam
754 1217 817 1256 ut
838 1197 1007 1256 ferula
1051 1198 1219 1259 caedas
1254 1203 1514 1260 meritum
1548 1204 1757 1272 majora
1793 1204 1977 1261 subire

522 1264 797 1344 Verbera,
836 1292 944 1328 non
981 1292 1169 1329 vereor
1203 1295 1216 1328 z
1247 1272 1375 1332 cum
1413 1272 1553 1332 dicas
1584 1274 1685 1334 effe
1717 1295 1871 1345 pares
1911 1296 2004 1335 res

524 1342 696 1399 Furta
733 1342 1053 1414 latrociniis,
1089 1351 1144 1399 &
1182 1344 1394 1415 magnis
1430 1366 1595 1417 parva
1630 1347 1849 1405 mineris

524 1413 687 1473 Falce
725 1414 1013 1473 recisurum
1049 1415 1207 1472 fimili
1252 1435 1337 1489 te,
1369 1415 1408 1473 fi
1450 1417 1547 1474 tibi
1582 1438 1815 1491 regnum

499 1600 614 1636 110.
654 1586 861 1637 Editior
892 1586 1099 1637 viribus.
1137 1586 1302 1634 Altior
1321 1624 1336 1646 ,
1366 1584 1610 1645 superior.

497 1666 612 1713 115.
665 1648 856 1700 Vincet.
895 1652 1166 1711 Probabit,
1206 1650 1530 1713 persuadebit.
1560 1686 1576 1692 ,

501 1730 614 1781 117.
670 1714 881 1778 legerit.
928 1724 1111 1779 Legere
1156 1717 1407 1764 interdum
1458 1714 1525 1762 est
1562 1715 1861 1777 decerpere,
1897 1714 2085 1767 furari.

433 1778 564 1831 Hinc
613 1781 904 1843 sacrilegus·

502 1859 615 1908 119.
656 1843 872 1895 Scurio-ci(
901 1849 1078 1896 Lotum
1100 1843 1170 1892 est
1204 1842 1424 1907 simplex.
1456 1843 1735 1908 magellum
1767 1841 1887 1894 vero
1917 1846 2083 1908 pluri-

437 1912 529 1959 bus
563 1912 620 1961 δί
644 1911 951 1977 gravioribus
972 1910 1098 1958 loris
1125 1909 1330 1958 constat.
1364 1911 1578 1974 Flageui
1603 1911 1848 1957 vocabulo
1872 1946 1888 1973 ,
1913 1910 2076 1973 major

436 1979 656 2037 quaedam
700 1993 860 2041 poenae
911 1976 1177 2038 atrocitas,
1206 1975 1438 2038 'indigna
1480 1974 1685 2025 homine
1731 1975 1895 2024 libero
1922 2010 1940 2038 ,
1982 1993 2076 2026 ex-

441 2043 693 2106 primitur.

515 2122 627 2158 120.
663 2107 798 2158 Nam
832 2123 883 2158 ut
901 2143 916 2171 ‚
954 2106 1057 2157 &m
1081 2113 1149 2156 Ex
1167 2105 1394 2155 hocloco
1423 2122 1617 2170 apparet
1644 2104 1767 2154 reste
1790 2104 1892 2169 dici
1909 2108 2038 2170 poss‘e
2058 2145 2076 2171 ,

440 2188 551 2222 non
580 2191 752 2224 vereor
774 2190 828 2223 ut
850 2171 1131 2233 hocfaciaS,
1170 2172 1219 2235 J‘e
1240 2191 1296 2223 ne
1334 2172 1495 2222 craias
1531 2187 1627 2234 pas
1655 2189 1739 2236 que
1772 2189 1896 2225 vous
1915 2173 2082 2240 saffiq

442 2247 578 2303 cela,
613 2257 782 2290 contra
813 2241 1065 2305 vulgarem
1106 2237 1535 2301 grammaticorum
1580 2236 1829 2302 regulam,
1866 2241 1952 2299 qui
1975 2241 2076 2290 dici

448 2303 657 2367 iubent,
682 2322 786 2355 non
821 2321 991 2354 vereor
1030 2318 1094 2351 ne
1122 2304 1216 2350 hoc
1251 2302 1426 2352 facias.
1461 2308 1640 2351 Harum
1671 2302 1825 2366 igitur
1858 2303 2084 2353 locutio-

444 2386 568 2419 num
611 2388 783 2419 norma
829 2370 893 2418 est
937 2369 1036 2433 ipsa
1083 2368 1184 2416 loci
1231 2384 1411 2428 mens,
1458 2365 1511 2416 &
1556 2367 1815 2416 sententie
1865 2370 2078 2420 claritati.

446 2441 706 2500 Nugantur
741 2435 824 2495 qui
864 2450 916 2483 ut
941 2449 1030 2498 pro
1074 2434 1305 2498 quomodo
1349 2432 1555 2496 positum
1602 2432 1683 2481 hic
1716 2432 1915 2484 volunt.
1954 2437 2078 2496 Qui·

446 2501 585 2548 enim
636 2501 792 2550 latine
842 2516 1056 2561 unquam
1095 2499 1251 2560 dixit,
1285 2514 1389 2548 non
1430 2513 1603 2547 vereor
1640 2499 1889 2559 quomodo
1924 2516 1976 2551 v.
2019 2517 2091 2566 g..

444 2565 654 2626 venias,
696 2565 802 2615 &c.
834 2564 893 2614 Ie
937 2583 993 2612 ne
1025 2563 1186 2614 crait'zs
1218 2580 1314 2627 pas
1351 2582 1436 2628 que
1474 2580 1598 2613 vous
1633 2565 1809 2627 νεηὶεζ.

511 2627 710 2678 Γεναιᾶ.
745 2629 1009 2677 Arbuscula
1046 2630 1266 2689 quaedam
1294 2630 1393 2692 est,
1420 2628 1477 2679 &
1507 2628 1665 2678 frutex
1691 2665 1708 2690 ,
1734 2630 1876 2691 cujus
1907 2629 1932 2678 ὲ
1962 2646 2076 2680 cau-

448 2695 596 2754 dice3
636 2707 835 2756 propter
872 2693 1107 2741 eximiam
1154 2694 1444 2756 levitatem,
1475 2695 1732 2756 scipiones
1762 2692 1918 2762 vulgo
1954 2711 2074 2744 con-

446 2759 743 2808 ficiebantur
779 2772 793 2801 τ
830 2759 998 2806 eadem
1039 2762 1305 2810 utebantur
1341 2759 1558 2826 magistri
1597 2760 1656 2807 ad
1688 2761 1943 2811 caedendas
1974 2761 2085 2810 dis-'

452 2825 733 2887 cipuiorum
779 2839 975 2873 manue..

527 2903 639 2953 123,
686 2887 852 2940 Falce.
890 2890 1064 2940 Poenfi.
1098 2891 1178 2940 Est
1221 2907 1383 2940 autem
1423 2892 1506 2940 hic
1531 2893 1792 2939 verborum
1836 2894 1952 2940 ordo
1986 2911 1999 2941 ε
2029 2907 2079 2942 te

452 2956 725 3004 recisurum
758 2972 902 3017 parva
922 2971 1115 3019 peccata
1138 2957 1264 3006 falce
1290 2957 1436 3005 sunili
1476 2955 1705 3020 magnis;
1732 2956 1785 3003 id
1812 2957 1878 3006 est
1898 2962 2076 3017 eadem,

455 3022 549 3081 qua
586 3021 825 3072 recideres
860 3037 1059 3089 magna.
1098 3030 1140 3073 O
1167 3038 1313 3080 αυτ-ος
1347 3020 1506 3082 ὅμοιος
1531 3057 1547 3084 ,
1578 3023 1703 3072 idem
1717 3024 1900 3088 fimitis
1921 3061 1935 3085 ,
1960 3027 2087 3083 apud-

456 3091 673 3135 Graecos·
691 3102 944 3148 ponuntur
976 3105 1087 3138 cum
1121 3089 1268 3138 dandi
1308 3087 1436 3138 casu.
1476 3094 1539 3136 In
1559 3092 1677 3136 Arte
1709 3088 1929 3153 poetica,
1966 3093 2079 3141 idem

444 3152 602 3267 saci-td
616 3154 881 3218 occidenti,
918 3155 969 3205 id
1002 3154 1103 3221 est,
1144 3155 1299 3207 idem?
1323 3153 1443 3205 facit
1477 3167 1620 3214 atquc
1661 3154 1901 3206 occidens
1928 3193 1946 3224 ,
1974 3173 2021 3206 ac
2043 3159 2077 3205 fi

462 3233 569 3271 ecci
607 3234 729 3273 eret.
