2269 3773
441 174 619 271 208⁸
846 190 951 300 Q.
979 211 986 216 “
1013 186 1331 270 Horatii
1388 188 1471 268 F
1465 187 1701 290 lae-ci.

435 329 763 405 25.Infetnis
803 349 975 401 neque
1016 329 1163 388 enim
1199 328 1431 387 tenebris
1469 329 1647 389 Diana
1684 329 1945 402 pudicum

844 402 1059 460 Liberat
1097 401 1503 475 Hippolytum:

531 472 650 533 Nec
691 473 912 534 Lethaea
951 476 1092 530 valet
1126 472 1370 532 Theseus
1410 474 1731 545 abrumpere
1774 495 1899 533 caro
2086 516 2101 550 ,

820 546 1054 605 Vincula
1085 545 1355 606 Pirithoo.

502 791 584 840 26.
643 789 983 855 Hippolytum.
1036 787 1255 851 Thesei,
1316 787 1373 839 8(
1422 786 1705 852 Hippolytae
1753 788 2064 850 Amazonis,

428 857 592 907 filium
615 892 630 917 ,
673 856 758 917 qui
793 856 823 904 a
863 856 1065 904 Phaedra
1108 857 1319 902 noverca
1371 853 1560 902 delatus
1604 853 1729 916 apud
1769 867 1956 917 patrem
1996 855 2065 908 est

429 936 661 983 tanquam
707 922 765 969 de
803 920 963 983 stupro
1002 920 1154 982 ipsam
1196 919 1491 982 appellass'et.
1540 917 1753 968 Theseus
1789 919 1897 966 filio
1936 920 2064 969 male

432 1001 657 1050 precatus
683 1022 698 1048 ,
744 986 937 1050 rogavit
980 991 1265 1047 Neptunum
1302 999 1354 1033 ut
1400 1000 1573 1047 poenas
1603 988 1661 1031 ab
1701 999 1760 1031 eo
1800 998 2063 1046 repeteret.

426 1058 690 1114 Neptunus
721 1052 886 1101 eduxit
914 1050 938 1098 ὲ
973 1051 1094 1098 mari
1134 1052 1317 1111 phocas
1335 1085 1349 1111 ,
1378 1065 1587 1111 eumque
1610 1049 1910 1114 Hippolytus
1937 1063 2059 1098 tram

427 1118 624 1166 creduli
648 1118 865 1179 parentis
895 1116 1146 1181 effugere,
1179 1114 1443 1164 conscenso
1481 1130 1623 1163 curru
1650 1150 1665 1175 ‚
1700 1129 1909 1164 tentaret
1934 1150 1951 1177 ,
1999 1120 2059 1164 ab

427 1197 568 1243 equis
611 1185 882 1231 Phocarum
924 1182 1180 1245 conspeetu
1201 1180 1447 1230 exterritis
1473 1183 1699 1243 abreptus
1748 1180 1813 1230 est
1850 1180 1905 1228 in
1948 1181 2060 1228 sco-

427 1248 572 1311 pulos
608 1246 906 1298 &littoreas
942 1262 1103 1297 cautes
1127 1282 1144 1307 ,
1179 1245 1346 1307 ibique
1383 1246 1672 1308 discerptus.
1714 1254 1857 1295 Hunc
1899 1245 2061 1310 postea

422 1313 727 1375 AEsculapius
751 1314 777 1360 *a
799 1313 960 1361 Diana
991 1327 1213 1361 exoratus
1245 1312 1494 1361 revocavit
1516 1314 1573 1358 ab
1598 1311 1774 1360 inferis
1795 1346 1810 1372 ‚
1842 1310 1900 1361 &
1935 1311 2054 1362 vitae

424 1379 661 1428 restituit.
685 1386 821 1428 Hanc
848 1377 1019 1427 fabula:
1054 1392 1240 1440 partem
1270 1378 1463 1427 videtur
1483 1375 1561 1425 hic
1584 1378 1813 1426 Horatius
1838 1393 1941 1426 non
1959 1392 2060 1430 tant

421 1443 659 1509 ignorasse
708 1459 848 1506 quam
881 1443 1108 1493 irridere.
1152 1443 1301 1495 ovid.
1342 1460 1440 1495 xv.
1495 1450 1698 1491 Metam.
1740 1458 1892 1492 totam
1943 1441 2061 1491 fuse

421 1509 671 1559 describit.
1015 1556 1020 1561 .

431 1629 434 1634 ⁴
487 1590 569 1640 27.
605 1573 820 1624 Lethaea.
841 1575 989 1623 Lethe
1012 1610 1027 1635 ,
1050 1572 1232 1622 fluvius
1252 1574 1318 1621 est
1356 1573 1637 1623 Inferorum
1664 1609 1679 1635 ‚
1715 1573 1856 1633 cujus
1883 1588 2050 1633 aquam

418 1641 504 1690 ubi
550 1639 763 1703 primum
804 1638 1090 1688 delibaffent
1134 1647 1343 1700 Manes,
1372 1656 1533 1689 rerum
1574 1638 1799 1688 omnium
1823 1638 2053 1702 ,quasin

876 1897 956 1979 ο
1016 1927 1074 1980 n
1142 1926 1187 1979 E
1243 1858 1594 2013 V11.

407 2076 627 2145 Amico
676 2081 848 2142 diviti
900 2081 1093 2143 mittit
1142 2080 1411 2140 carmina
1452 2125 1476 2156 ,
1546 2073 1604 2140 δ’
1650 2092 1931 2161 quantum
1964 2076 2050 2164 fit

563 2166 897 2261 hujusmodi
943 2172 1196 2267 (nuneris
1233 2169 1494 2248 pretium
1523 2215 1548 2249 ,
1594 2168 1877 2231 declarat.

503 2284 895 2403 DONAREM
925 2358 1134 2412 pateras
1153 2384 1172 2412 ‚
1212 2361 1472 2414 grataque
1505 2342 1857 2417 commodus,

419 2420 427 2427 ‘
503 2414 837 2488 Censorium
880 2415 1014 2473 meis
1051 2435 1158 2472 aeta
1192 2412 1493 2473 sodalibus:

500 2487 785 2544 Donarem
832 2485 1065 2556 tripodas
1086 2530 1103 2558 ‚
1146 2487 1367 2556 praemia
1403 2487 1629 2545 fortium

517 2557 844 2629 Graiorum,
880 2579 1051 2630 neque
1089 2578 1147 2616 tu
1183 2556 1396 2629 peffima
1434 2578 1727 2616 munerum

409 2651 459 2713 ς,
508 2628 731 2705 Fen-es,
768 2629 940 2693 ‚divite
982 2650 1070 2687 me
1107 2630 1306 2687 scilicet
1344 2631 1538 2689 artium
1562 2675 1580 2702 ,

498 2700 657 2774 Quas
696 2721 787 2762 aut
815 2701 1120 2761 Parrhasius
1155 2702 1386 2773 protulit
1407 2749 1422 2773 ,
1461 2722 1553 2761 aut
1591 2703 1820 2774 Scopas.

498 2774 608 2832 Hic
647 2772 771 2833 saxo
793 2818 812 2845 ‚
846 2774 1065 2847 iiquidis
1100 2775 1192 2833 ille
1230 2773 1495 2833 colon'bus

496 2846 672 2905 Sokrs
707 2867 846 2906 nunc
880 2847 1159 2906 hominem
1183 2868 1411 2924 ponere,
1450 2866 1588 2904 nunc
1613 2846 1817 2906 Deum.

494 2918 599 2976 sed
639 2941 746 2978 non
791 2919 905 2979 haec
944 2919 1080 2977 mihi
1119 2920 1235 2983 vis;
1273 2941 1382 2978 non
1412 2917 1511 2977 tibi
1549 2920 1741 2978 talium

407 3025 2030 3055 Μ

471 3101 773 3155 Commodus.
823 3101 1101 3168 Benignum
1129 3136 1146 3164 ,
1189 3098 1449 3149 liberalem
1472 3136 1488 3162 ‚
1532 3098 1588 3150 Sc
1623 3097 1920 3148 munificum
1950 3097 2039 3144 in·
2120 3066 2183 3105 s

393 3169 511 3220 teni
553 3185 596 3217 e.
1733 3193 1736 3197 v

470 3185 738 3296 cegnsort'ne.
773 3229 1107 3281 Ornatiffimus
1152 3229 1231 3277 vir
1258 3229 1356 3282 fuit
1389 3266 1407 3297 ,
1431 3230 1517 3292 qui
1565 3227 1887 3281 Consuiatum
1922 3227 2035 3293 ges-

392 3299 449 3350 stt
493 3315 626 3350 anno
666 3299 799 3350 urbis
829 3296 1042 3349 conditae
1083 3295 1207 3364 746.
