2269 3773
469 153 639 238 Lib.
699 153 816 245 Π.
865 153 1131 236 Satira
1188 155 1355 237 m.
1523 179 1685 265 409

110 304 236 349 rena
275 284 460 349 millia
494 286 822 371 sestertitim
855 286 1119 369 fiereret
1162 307 1182 350 .·
1233 308 1485 367 quonam
1525 291 1696 348 modo

93 372 378 456 saniorem
389 371 574 458 fuiffe
597 376 930 456 putabimus
955 424 976 453 ‚
1008 370 1179 459 qucim
1191 375 1250 457 fi
1270 379 1523 437 eamdem
1532 373 1703 455 sum-

108 483 255 523 mam
289 465 352 525 in
369 464 753 547 profluentem
776 510 798 541 ‚
823 482 925 525 aut
940 466 1003 525 in
1025 463 1283 525 cloacam
1297 459 1641 546 projeciffet
1663 454 1703 525 ?

106 549 431 629 Similiter,
479 574 556 614 an
581 554 724 612 duos
759 549 995 632 Quinc‘li
1040 550 1223 613 Arrii
1230 551 1400 631 filios
1438 551 1607 612 bona>
1632 569 1703 610 ac

93 634 261 720 sanae
300 639 506 701 mentis
551 657 843 719 compotes
873 635 1059 722 futffe
1096 638 1432 719 put-abimus
1457 688 1480 718 ‚
1532 637 1701 699 ambo

91 721 355 807 jbmosos
411 728 494 787 ad
541 724 839 787 libidinem
864 773 887 805 ,
939 726 1008 787 ob
1037 726 1297 806 puerilia
1344 727 1550 811 studia
1573 773 1595 804 ‚
1644 722 1704 787 &-

105 833 294 876 rerum
337 821 655 893 pravarum
705 833 960 874 amorem
1001 831 1020 875 .·
1070 816 1172 895 qui
1214 816 1357 874 adeo
1408 814 1703 894 intempe-

103 902 288 965 rantis
309 920 476 963 erant
521 922 590 964 ac
635 903 911 962 dementis
946 900 1107 984 gulae
1133 948 1155 979 ,
1204 920 1270 961 ut
1312 900 1588 982 luscinias
1614 904 1705 962 in·

98 990 264 1075 genti
303 1008 518 1069 emptas
553 990 749 1070 pretio
793 990 1011 1071 apponi
1038 987 1153 1072 fibi
1161 985 1477 1070 juberent:
1504 983 1706 1051 utritm

103 1078 351 1139 candido
374 1076 579 1159 lapillo
607 1121 626 1155 ‚
652 1097 721 1137 ac
745 1097 861 1136 non
877 1077 1076 1155 potius
1102 1079 1268 1159 nigro
1292 1094 1487 1136 eorum
1512 1097 1710 1137 amen-

101 1168 251 1227 tiam
289 1164 599 1246 luxumque
643 1162 970 1225 notabimus
1004 1158 1040 1224 ?
1076 1164 1151 1223 Si
1198 1165 1327 1244 quis
1371 1163 1542 1223 homo
1569 1162 1713 1225 bar·

99 1253 269 1315 batus
291 1298 312 1330 ‚
357 1248 415 1312 δ’
438 1248 576 1332 jam
614 1269 792 1311 oetate
818 1246 1150 1329 provec‘lior
1185 1246 1491 1309 delecYetzzr
1509 1243 1740 1333 aedifi?

98 1342 307 1404 can-dis
347 1335 377 1399 ὲ
420 1339 544 1399 luto
589 1334 800 1419 casulis
818 1384 841 1414 ‚
883 1333 1268 1419 &jungendis
1289 1338 1497 1418 exiguo
1510 1334 1718 1419 plaus-

96 1447 202 1490 tro
251 1425 546 1487 muribus:
585 1425 643 1509 Ji
673 1442 831 1486 amet
852 1444 976 1504 par
1013 1425 1212 1504 impar
1267 1423 1463 1484 ludere
1487 1469 1504 1502 ‚
1551 1421 1608 1486 δ’
1649 1428 1715 1486 in

95 1514 354 1597 oblongo
422 1511 623 1573 baculo
650 1560 672 1590 ,
738 1531 1014 1594 tanquam
1078 1512 1144 1572 in
1196 1532 1341 1594 equo
1365 1559 1388 1591 ,
1444 1512 1668 1575 lzoerere
1685 1535 1714 1591 ‚-

97 1619 395 1666 amentem
417 1600 583 1662 illum
599 1620 764 1661 nemo
806 1619 922 1681 nott
950 1600 1190 1660 dixerit.
1238 1600 1353 1662 Sin
1376 1600 1567 1662 a'utem
1577 1596 1718 1684 jam

97 1857 344 1912 redimito
363 1894 379 1920 ‚
403 1854 630 1904 refertam
655 1857 792 1903 turba
814 1855 1057 1904 dostorum
1091 1855 1348 1904 hominum
1372 1856 1582 1904 scholam
1614 1857 1722 1919 ejus

98 1923 339 1976 intravit.
364 1929 489 1971 -Orta
517 1921 738 1966 omnium
778 1920 1156 1981 indignatione,
1191 1927 1519 1982 xenocrates,
1546 1923 1724 1969 omissa

100 1993 173 2039 de
216 1988 391 2047 quibus
435 1983 681 2032 differebat
705 2020 718 2044 ,
759 1985 816 2031 de
862 1983 1089 2031 modestia
1133 1999 1186 2030 ac
1229 1986 1545 2045 temperantia
1587 1986 1723 2044 loqui

97 2054 291 2113 coepit.
328 2050 478 2110 Cuius
525 2048 757 2112 gravitate
803 2047 1048 2095 sermonis
1084 2047 1357 2107 refipiscere
1388 2052 1573 2097 coaetus
1619 2056 1725 2098 Po·-

98 2121 283 2176 lemn,
321 2112 530 2178 primhm
563 2128 796 2160 corenam
824 2111 970 2173 capiti
1008 2112 1259 2159 detraflam
1306 2113 1511 2175 projecit
1540 2147 1555 2171 ,
1587 2110 1727 2174 paulo

99 2182 217 2247 pbst
250 2179 500 2228 brachium
533 2175 661 2224 intra
691 2176 897 2238 pallium
950 2176 1139 2224 reduxit
1161 2212 1176 2235 ‚
1215 2177 1271 2222 ad
1307 2178 1536 2226 ultimum
1579 2192 1729 2225 totam

92 2246 359 2297 luxuriam
392 2243 522 2291 exuit
542 2277 557 2302 ‚
595 2241 831 2301 uniusque
857 2240 1102 2287 orationis
1147 2241 1458 2288 saluberrima
1485 2241 1731 2289 medicina

90 2315 310 2363 sanatus
333 2344 346 2368 ,
371 2324 427 2355 ex
448 2306 621 2354 infami
654 2320 879 2370 ganeone
907 2304 1143 2353 ma'ximus
1192 2304 1521 2367 Philosophus
1564 2307 1730 2356 evafit.

92 2373 465 2438 :peregrinatus
492 2370 556 2418 est
579 2370 724 2431 huius
757 2369 951 2418 animus
974 2370 1029 2417 in
1068 2370 1281 2429 nequitia
1302 2405 1316 2429 ,
1345 2386 1449 2417 non
1474 2370 1734 2421 habitavit.

184 2438 392 2495 Portas,
453 2435 556 2485 &a
607 2436 745 2494 Quafi
775 2435 960 2481 diceret
985 2469 1000 2494 ,
1049 2449 1156 2482 non
1192 2448 1308 2498 puto
1349 2450 1398 2483 te
1430 2435 1733 2500 pofiturum5

92 2521 295 2557 vereor
330 2517 385 2551 ut
422 2500 745 2548 Polemonem
790 2498 1020 2547 imiteris·

181 2567 468 2628 Fasciolas.
504 2565 693 2613 Fascias
729 2563 1034 2630 appellabant
1066 2579 1261 2612 crurum
1285 2561 1340 2612 Sc
1373 2562 1614 2612 femorum
1652 2564 1736 2614 in-

95 2647 441 2698 tegumenta,
478 2635 558 2678 des
606 2637 724 2690 bas,
767 2636 848 2678 des
888 2631 1029 2676 hauts
1063 2635 1117 2678 de
1163 2629 1389 2692 chauffieS.

191 2695 407 2746 cubitat.
440 2695 724 2743 cubitorum
747 2729 760 2753 ,
777 2694 857 2740 seu
885 2694 1188 2741 brachiorum
1222 2708 1421 2743 ornatus
1443 2692 1498 2743 &
1519 2708 1735 2758 tegmen,

89 2781 174 2816 cx
197 2778 317 2809 auro
339 2796 354 2821 ,
395 2759 544 2806 serico
570 2794 585 2819 ,
616 2757 719 2808 &c.
769 2776 856 2805 une
883 2756 1035 2818 estete
1073 2763 1127 2807 de
1152 2761 1401 2819 manches,
1438 2764 1516 2808 des
1546 2767 1739 2810 volans.

186 2824 417 2876 focalia.
453 2825 622 2872 Lintea
653 2822 875 2871 faucibus
917 2820 972 2870 &
999 2822 1130 2872 collo
1166 2822 1497 2884 circumpofita
1518 2858 1533 2882 ,
1579 2824 1740 2882 qualia

87 2892 224 2944 fer&
269 2891 365 2952 jam
401 2889 430 2936 'a
469 2888 624 2935 Gallis
647 2924 665 2948 ‚
705 2902 907 2946 quorum
952 2886 1162 2950 infignis
1202 2884 1257 2934 ὅτ
1304 2887 1549 2934 decantata
1582 2887 1648 2934 est
1684 2888 1743 2936 in

91 2956 345 3008 vestibus
385 2953 631 3000 mutandis
665 2952 872 3011 levitas,
903 2967 1036 2997 novo
1074 2950 1129 2999 δε
1158 2965 1268 2998 ante
1303 2966 1457 2998 annos
1490 2952 1744 2999 admodum

87 3021 316 3083 viginti
354 3032 468 3066 nato
505 3033 640 3065 more
665 3052 678 3079 ,
712 3015 1032 3075 usurpantur,
1083 3013 1139 3064 &
1168 3015 1469 3075 appellantur
1501 3021 1581 3063 des
1633 3031 1741 3063 cra-

85 3099 282 3141 vates.
324 3082 514 3131 Fascias
538 3096 683 3143 porro
717 3078 773 3128 &
807 3078 1044 3137 eiusmodi
1073 3078 1247 3126 focalia
1269 3116 1283 3139 ,
1310 3079 1397 3126 mfi
1422 3093 1743 3144 aegrotarent,

84 3164 229 3202 non
297 3148 590 3195 adhibebant
645 3144 853 3193 Romani
907 3157 920 3185 τ
984 3144 1114 3191 unde
1189 3143 1446 3206 ingenioso
1514 3142 1745 3192 Hoxatiun

78 3210 399 3267 amantium
430 3222 719 3262 ornamenta
749 3222 888 3261 vocat
922 3208 1072 3261 morbi
1108 3208 1330 3288 infignig.

1247 3270 1290 3341 ὃ
