2269 3773
439 259 641 342 Lib
701 257 817 340 Π.
878 256 1145 339 satira
1201 235 1367 340 m.
1591 260 1756 369 387

140 389 261 479 qua
307 394 432 458 ruis
455 388 493 457 ‚9
517 385 652 455 caue
677 409 696 454 .·
724 390 809 453 ibi
836 387 1002 475 fhffa
1021 393 1101 476 est
1116 391 1318 473 ingens
1342 434 1360 469 ,
1409 387 1537 451 illic
1566 410 1764 455 cautes

127 501 519 567 praeruptae3
566 502 684 544 non
742 484 928 564 magis
968 499 1133 542 aures
1178 481 1480 541 advertent
1521 497 1539 539 .·
1587 477 1762 563 quam

142 571 294 632 olim
344 572 549 658 Fufius
589 572 723 630 vino
772 569 1080 648 madidus,
1123 560 1257 628 cum
1281 613 1302 648 ,
1352 565 1573 630 Ilionae
1609 571 1761 631 dor-

145 661 387 722 mientis
427 654 739 742 personam
776 676 949 740 agens
984 659 1050 718 in
1066 654 1251 736 scena
1277 702 1300 734 ,
1329 655 1418 738 fic
1461 653 1768 718 obdormi-

145 749 237 809 vit
256 792 281 825 ,
333 768 404 812 ut
441 743 633 829 ipsum
669 746 900 807 Catieni
923 742 1195 825 sexcenti
1237 747 1497 805 excitare
1528 744 1631 804 vliis
1651 767 1768 806 vo-

149 835 315 898 cibus
339 883 359 918 ,
402 838 644 903 Mater,
679 853 736 896 te
776 832 1006 915 appello
1032 878 1049 910 ,
1063 831 1288 914 saepius
1311 834 1575 903 iteratis,
1603 855 1763 908 nun-

148 943 332 1010 quam
378 925 703 1008 potuerint.
774 923 911 1006 Ego
951 918 1082 982 vero
1112 920 1394 1002 populum
1436 920 1768 1004 universum

152 1012 356 1074 errore
382 1010 567 1097 simili
602 1009 871 1081 laborare
905 1007 1324 1092 demonstrabo.
1373 1007 1635 1089 Insanus
1661 1011 1769 1071 di-

152 1102 319 1164 citur
357 1099 749 1184 Damafippus
769 1145 794 1178 ,
840 1092 908 1158 εὸ
952 1092 1113 1182 quod
1139 1097 1311 1180 signa
1352 1097 1598 1178 antiqua
1645 1117 1769 1162 tam

152 1186 368 1270 cupide
409 1236 434 1266 ,
485 1207 653 1252 tanto
692 1187 892 1267 pretio
949 1204 1255 1248 mercetur.
1301 1183 1409 1247 An
1462 1182 1646 1264 sanus
1691 1190 1775 1271 est

153 1278 434 1338 venditor
453 1323 476 1355 ,
524 1277 626 1359 qui
669 1276 740 1336 de
771 1274 965 1356 pretio
998 1274 1184 1355 fidem
1217 1272 1390 1333 habet
1409 1272 1773 1356 Damasippo

140 1361 473 1448 spondenti
496 1359 533 1427 ?
571 1365 760 1447 Finge
800 1363 911 1422 hoc
935 1357 976 1422 ὰ
1000 1382 1094 1423 me
1132 1362 1253 1422 dici
1276 1359 1417 1439 tibi,
1445 1363 1775 1423 Pecuniam

159 1472 346 1535 cape,
394 1472 566 1534 quam
622 1469 726 1534 ego
762 1448 861 1510 abs
907 1465 963 1510 te
1008 1470 1305 1533 nunquam
1346 1467 1601 1530 repetam
1627 1492 1647 1522 ,
1694 1454 1793 1513 an'

159 1558 232 1604 tu
272 1541 507 1625 defipies
531 1581 549 1610 ‚
582 1538 638 1623 fi
676 1539 933 1619 accipias
961 1531 998 1599 ἓ
1042 1540 1261 1608 immo,
1302 1539 1578 1623 desiperes
1598 1537 1778 1613 certe,

144 1630 208 1716 fi
247 1625 474 1691 lucrum
517 1626 625 1689 tibi
646 1674 670 1706 ‚
713 1625 1021 1691 Mercurio
1052 1623 1298 1707 favente
1321 1674 1345 1706 ‚
1390 1625 1649 1689 oblatum
1687 1650 1780 1692 re·

149 1714 396 1803 jiceres.
443 1717 548 1779 Sic
592 1733 654 1778 tu
679 1760 702 1792 ,
730 1716 988 1777 creditor
1009 1711 1031 1792 ,'
1079 1717 1278 1799 utique
1316 1712 1581 1797 infimior·
1598 1738 1656 1778 es
1678 1738 1773 1798 eo,

161 1804 265 1869 cui
309 1807 515 1868 credis.
561 1798 735 1866 Licet
758 1805 910 1867 enim
936 1801 1303 1886 diligentiam
1337 1798 1563 1866 ornnem
1601 1808 1783 1869 adhi-

163 1893 345 1974 beas,
393 1915 505 1979 quo
556 1893 832 1955 debitoris
857 1889 1174 1977 obstringas
1197 1893 1384 1974 fidem
1413 1940 1434 1971 ,
1483 1890 1784 1979 ipsumque

165 1981 337 2068 quafi
377 1976 618 2044 vinclum
661 1999 901 2059 teneas‚·
943 1976 1085 2041 licet
1126 1979 1296 2042 illum
1333 2000 1504 2063 cogas
1524 1978 1783 2068 syngra-

153 2070 353 2154 pham
418 2072 558 2133 dare
582 2117 603 2148 ‚
654 2071 772 2151 qud
802 2067 1074 2153 sestertia
1119 2071 1312 2131 decem
1337 2062 1396 2127 ’ὰ
1442 2070 1632 2131 Nerio
1667 2093 1782 2134 ar·-

155 2161 439 2245 gentario
466 2156 611 2241 fibi,
640 2173 695 2217 te
720 2152 963 2241 jubente
980 2204 1001 2235 ‚
1035 2153 1339 2237 perstJIuta
1364 2152 1474 2239 effe
1501 2159 1739 2242 testetur
1757 2182 1784 2238 ς

166 2242 317 2313 licet
362 2245 603 2309 tabellas
650 2265 720 2306 ac
754 2240 1051 2324 formulas
1076 2238 1240 2326 juris
1290 2245 1439 2306 alias
1482 2245 1617 2307 aliis
1661 2250 1784 2308 ad·-

157 2329 357 2418 jicias
382 2381 405 2413 ,
429 2332 655 2418 -quibus
688 2334 935 2412 perinde
978 2351 1048 2393 ac
1099 2332 1335 2416 infignis
1374 2331 1473 2393 ille
1521 2334 1793 2420 litigator

179 2424 395 2485 Cicuta
419 2470 440 2501 ,
480 2421 648 2482 illum
689 2421 960 2498 irretias;
1011 2420 1115 2503 iste
1163 2420 1544 2483 nibilominus
1583 2443 1656 2482 ex
1697 2425 1790 2485 his

176 2509 406 2592 laqueis
433 2506 503 2590 fie
548 2510 818 2589 expediet
841 2555 860 2587 ,
922 2527 1164 2590 cumque
1215 2506 1382 2568 illum
1443 2510 1524 2569 ad
1565 2502 1793 2593 judicis

178 2595 449 2662 tribunal
477 2597 786 2677 pertrahes
809 2644 832 2676 ,
868 2613 1007 2658 tunc
1048 2598 1116 2657 de
1157 2612 1258 2656 tua
1305 2597 1649 2660 credulitate
1683 2622 1797 2663 ne-

182 2685 385 2771 quiter
415 2685 611 2746 ridens
636 2732 659 2763 ,
706 2704 904 2746 omnes
931 2681 1000 2765 Je
1040 2686 1101 2745 in
1124 2678 1318 2764 facies
1342 2703 1525 2747 vertet
1546 2734 1570 2765 ,
1617 2689 1803 2772 instar

180 2774 406 2838 Protei
441 2767 738 2854 cujusdam
765 2819 789 2851 ‚
839 2772 938 2855 qui
963 2791 1115 2835 nunc
1149 2773 1214 2832 in
1253 2793 1457 2854 aprum
1485 2793 1587 2837 aut
1605 2797 1793 2856 avem,

176 2879 339 2922 nunc
385 2859 450 2919 in
495 2857 761 2921 arborem
805 2876 908 2921 aut
951 2860 1018 2921 ia
1044 2855 1261 2948 fixum
1301 2862 1655 2928 mutabatur.
1723 2867 1798 2930 Si

165 3028 1804 3063 m

182 3117 394 3176 Tristem
436 3141 581 3176 vocat
623 3127 1017 3189 superstitionem
1044 3165 1060 3191 ‚
1097 3131 1209 3191 quia
1250 3148 1304 3182 ut
1350 3133 1614 3195 piurimum
1650 3138 1805 3187 oritur

181 3192 279 3241 illa
316 3207 375 3240 ex
417 3191 687 3240 immodico
714 3192 770 3241 &
803 3194 923 3241 falso
958 3195 1070 3243 Deix
1090 3196 1267 3244 timore
1294 3214 1400 3257 quae
1436 3199 1570 3247 causa
1594 3200 1693 3247 fuit
1720 3217 1807 3250 cur

183 3256 350 3307 iidem
394 3257 553 3305 Graeci
586 3258 804 3305 eamdem
843 3256 1233 3320 detocdxtpccvixv
1288 3262 1502 3313 timorem
1550 3265 1760 3313 numinis
1789 3301 1807 3334 ,

184 3321 487 3372 vocaverint
535 3337 631 3384 quo
675 3320 815 3373 illam
844 3324 1080 3377 vocabuit,
1122 3340 1255 3376 vates
1305 3326 1435 3373 infrh
1472 3329 1715 3381 nominat.

1272 3389 1414 3475 Βῆ
