2269 3773
524 210 688 292 154
918 182 1025 293 Q.
1086 167 1414 265 Horatii
1460 185 1752 278 Flacci.

605 312 772 369 Poene
793 328 1107 381 occupatam
1138 308 1485 370 seditionibus

607 381 826 441 Delevit
866 381 1070 440 Urbem
1098 382 1282 440 Dacus
1304 427 1324 456 ,
1361 391 1415 441 δε
1456 383 1751 463 AEthiops;

512 472 596 527 ³5-
686 454 791 513 Hic
826 454 979 511 classe
1013 452 1367 528 formidatus,
1405 455 1495 514 ille

498 557 499 560 ¹
751 525 1035 584 Miffilibus
1069 527 1261 586 melior
1299 527 1525 600 sagittis.

600 598 876 657 Foecunda
910 599 1076 669 culpae
1114 599 1289 658 secula
1325 601 1537 671 nuptias

600 670 844 729 Primum
877 670 1218 742 inquinavere
1239 717 1255 745 ,
1295 680 1350 730 δε
1426 693 1555 732 enus
1575 716 1593 746 ‚
1629 674 1918 741 &domna

673 744 796 801 Hoc
825 742 975 802 fonte
1005 743 1243 803 derivata
1283 746 1363 802 cla
1399 765 1454 804 es

584 859 596 873 .
748 814 812 871 In
884 815 1076 874 atriam
1113 815 1484 889 populumque
1519 817 1695 881 fluxit.

604 884 794 945 Motus
866 887 1007 945 oceri
1047 887 1247 959 gaudet
1280 888 1492 947 Ionicos

602 956 825 1018 Matura
854 959 1043 1033 virgo;
1078 970 1133 1019 &
1174 959 1399 1032 fingitur
1427 960 1654 1020 artubus

673 1030 795 1102 Jam
835 1051 1007 1103 nunc,
1040 1041 1095 1090 &
1129 1032 1352 1092 incestos
1393 1053 1604 1092 amores

746 1104 835 1162 De
868 1122 1056 1163 tenero
1090 1103 1380 1163 meditatur
1411 1105 1599 1178 ungui.

502 1173 742 1251 25.Non
776 1174 862 1235 his
895 1178 1148 1248 juventus
1188 1194 1308 1237 orta
1345 1178 1657 1249 parentibus

603 1247 792 1308 Infecit
829 1270 1014 1323 aequor
1054 1248 1312 1322 sanguine
1347 1249 1589 1318 Punico,-

575 1317 590 1332 ⁰
673 1321 1090 1398 Pyrrhumque,
1132 1330 1187 1381 δι
1225 1322 1503 1394 ingentem
1545 1321 1729 1382 cecidit

748 1392 1113 1465 Antiochum,
1142 1393 1573 1468 Annibalemque
1603 1396 1780 1457 dirum
1799 1421 1819 1456 ε

603 1467 707 1525 Sed
747 1467 1065 1526 rusticorum
1095 1468 1327 1525 mascula
1369 1466 1605 1525 militum

506 1541 825 1618 30.Prole8‚
866 1539 1088 1598 Sabellis
1127 1536 1287 1598 doc'ta
1326 1538 1606 1611 ligonibus

673 1611 898 1671 Versare
935 1610 1118 1684 glebas
1142 1655 1158 1683 ,
1195 1619 1250 1670 δι
1287 1610 1475 1670 severae

744 1683 943 1741 Matris
978 1683 1046 1741 ad
1079 1683 1360 1742 arbitrium
1388 1682 1579 1743 recisos

601 1757 823 1815 Portare
852 1755 1042 1827 fustes,
1083 1753 1163 1815 sol
1193 1755 1283 1814 ubi
1328 1756 1599 1815 montium

600 1828 844 1888 Mutaret
882 1826 1130 1903 umbraS‚
1170 1838 1226 1889 δε
1263 1829 1399 1902 juga
1436 1827 1678 1888 demeret

496 1925 593 1980 35.
675 1901 856 1960 Bobus
889 1899 1133 1974 fatigatis
1152 1947 1170 1976 ‚
1206 1902 1442 1959 amicum

741 1973 985 2045 Tempus
1024 1994 1191 2046 agens
1223 1973 1449 2032 abeunte
1471 1994 1629 2032 curru
1651 2018 1670 2043 ,

595 2047 874 2106 Damnosa
910 2045 1037 2119 quid
1076 2067 1188 2104 non
1224 2045 1499 2106 imminuit
1539 2047 1691 2120 dies?

495 2186 2141 2220 *ιιι-*Ἣ

563 2289 644 2332 14.
661 2269 859 2321 Dacus·
881 2268 1102 2332 Populus
1125 2274 1331 2332 Europae
1354 2264 1771 2332 septentrionalis,
1791 2284 1928 2319 nune
1950 2272 2129 2319 Trans:

491 2338 724 2405 sylvani,
776 2335 1030 2396 Moldavi,
1068 2332 1173 2383 &c.
1216 2340 1463 2383 Dacorum
1497 2333 1803 2383 incursiones
1852 2336 2128 2400 Augustum

495 2402 750 2469 repreffiss'e
785 2400 946 2450 tribus
983 2415 1157 2449 eorum
1205 2399 1413 2449 ducibus
1456 2400 1590 2448 caesxs
1629 2399 1825 2450 testatur
1858 2403 2132 2452 Suetonius

489 2487 548 2522 c.
583 2484 665 2518 21.

561 2534 822 2598 AEthiops'.
855 2531 1076 2594 Populus
1100 2528 1285 2579 Africae
1321 2543 1337 2574 τ
1370 2529 1453 2590 qui
1493 2530 1718 2579 Antonio
1762 2530 1819 2581 Bt
1850 2531 2128 2594 Cleopatrae

495 2601 746 2654 adversum
776 2596 1047 2661 Augustum
1079 2594 1237 2657 favit,
1283 2609 1337 2645 ut
1361 2595 1450 2657 ipfi
1479 2596 1628 2644 etiam
1671 2597 1814 2646 Daci.

557 2682 641 2715 21.
674 2663 851 2712 Motus
875 2698 893 2724 ‚
925 2661 1031 2712 &c.
1075 2660 1272 2710 Moveri
1311 2679 1397 2723 pro
1418 2662 1588 2709 saltare
1613 2697 1628 2722 ‚
1671 2662 1832 2711 Latini
1864 2662 2057 2712 dicunt.

559 2732 783 2781 Ionicus.
818 2734 993 2791 Iones,
1027 2726 1228 2783 Graeciae
1261 2731 1441 2780 veteris
1467 2728 1877 2790 popu1u⁸‚1uxu‚
1903 2727 2128 2777 deliciis-

493 2814 590 2863 que
626 2798 867 2846 diffluens.
897 2799 961 2841 In
1004 2792 1363 2842 occidentalem
1395 2795 1515 2846 Asiae
1557 2795 1771 2843 minoris
1813 2808 1946 2842 oram
1983 2811 2127 2841 com-

492 2863 769 2928 migrarunt
786 2895 804 2922 ,
849 2859 1017 2920 ibique
1044 2859 1177 2909 inter
1204 2860 1392 2910 Cariam
1421 2861 1478 2913 «Sc
1496 2861 1738 2908 AEolidem
1774 2859 2123 2910 consederunt.

557 2943 641 2979 22.
666 2925 897 2991 Pingitur
917 2932 1134 2975 artubus.
1157 2930 1375 2975 Docetur
1401 2942 1532 2976 artus
1577 2940 1906 2988 componere,
1929 2940 1987 2972 ut
2014 2925 2124 2988 apte

494 2995 813 3053 molliterque
839 2984 1146 3040 moveantur.
1175 2991 1316 3055 Legit
1344 2992 1611 3041 Lambinus
1634 2989 1683 3040 F
1683 2991 1866 3057 ingitur
1897 2992 2086 3041 artibus
2108 3004 2125 3035 ε

489 3076 671 3123 nempe
696 3057 752 3105 ad
788 3070 913 3104 artes
938 3057 1197 3104 amatorias
1219 3056 1512 3108 instituitur.

553 3141 637 3183 24.
671 3121 758 3172 De
789 3135 949 3169 tenera.
971 3121 1140 3186 ungui.
1174 3124 1213 3169 A
1247 3123 1434 3171 teneris
1453 3159 1469 3184 ,
1501 3137 1555 3171 ut
1581 3123 1648 3170 ait
1668 3121 1863 3172 Tullius
1887 3157 1906 3185 ,
1928 3121 2122 3187 ungui·

483 3192 632 3243 culis.
659 3186 864 3239 Locutio
902 3192 1072 3236 Graeca
1110 3185 1195 3236 est.
1239 3189 1279 3234 Α
1318 3192 1488 3237 tenera
1528 3202 1688 3237 aetate.
1999 3214 2002 3217 2

555 3272 634 3322 17.
666 3252 925 3319 Pyrrhum.
958 3258 1143 3316 Regem
1185 3252 1323 3314 Epiri
1367 3271 1474 3315 quae
1521 3255 1662 3319 regio
1689 3253 1756 3302 est
1795 3251 2121 3301 occidentalis

486 3321 714 3375 craeci'ae.
752 3324 802 3367 Is
844 3314 1031 3367 bellum
1062 3318 1304 3372 Romanis
1334 3319 1511 3373 intulit
1529 3356 1547 3385 ‚
1602 3318 1658 3371 &
1700 3320 1729 3368 a
1761 3318 1992 3370 Fabricio
2020 3323 2122 3369 Cu-

507 836 579 873 20

1637 3508 1666 3515 -.x
