2269 3773
467 179 519 271 3
533 189 563 241 1
584 183 636 240 2
872 151 1194 235 Ηοναῑὶἰ
1256 149 1694 234 Satirarum

562 283 819 355 Namque
856 281 965 353 pila
1002 279 1160 353 lippis
1198 279 1506 354 inimicum,
1549 289 1607 344 ,δε
1646 279 1826 340 ludere
1866 277 2088 344 crudis,

473 356 719 435 50.Hinc
753 376 849 413 nos
892 353 1110 411 Cooceii
1144 351 1331 424 recipit
1373 351 1668 424 pleniffima
1705 351 1833 410 villa
1857 396 1875 424 ,
1919 376 1925 383 ·

627 448 707 486 ua:
743 426 897 498 supet
928 427 1013 482 est'
1042 423 1222 484 Caudi
1251 445 1535 496 cauponas,
1571 424 1734 482 Nune
1761 422 1900 479 mihi
1920 423 2126 495 paucis

602 500 831 558 armenti
856 497 1043 556 scurrae
1076 516 1353 569 pugnam,
1393 496 1656 567 Meffique
1691 495 1921 568 Cicirri,

561 570 725 630 Musa
741 615 759 643 ‚
798 569 960 628 velim
979 589 1279 631 memorem
1314 577 1368 626 δι
1388 589 1497 641 quo
1518 585 1672 639 patre
1691 584 1847 625 natus
1871 583 2122 638 uterque

564 642 874 700 contulerit
903 641 1038 700 lites,
1073 640 1244 698 Messi
1273 641 1476 698 clarum
1513 660 1685 712 genus
1722 639 1878 712 Osci,

469 714 842 790 “Sarmenti
877 712 1093 770 domina
1128 727 1293 772 extat.
1321 712 1413 770 Ab
1448 711 1531 769 his
1568 710 1863 781 majoribus
1902 709 2029 769 orti

569 786 662 845 Ad
698 805 940 858 pugnam
974 804 1183 844 venet-e.
1229 785 1382 843 Prior
1421 785 1768 843 Sarmentus:
1791 783 1920 853 equi
1962 798 2030 839 te

566 858 689 915 Effe
722 856 826 916 feri
861 855 1090 914 fimilem
1130 857 1267 917 dico.
1309 856 1605 919 Ridemus3
1649 865 1703 914 &
1743 853 1861 926 ipse

561 929 819 1001 Meffius,
859 928 1085 1001 Accipio
1158 949 1316 1000 caput
1350 937 1405 986 &
1435 945 1640 986 movet.
1673 927 1763 999 O,
1805 947 1902 985 tua
1938 945 2125 983 cornu

567 999 647 1057 Ni
677 1000 817 1059 foret
840 1000 1049 1059 exsecto
1136 1023 1267 1074 ons,
1303 1001 1505 1072 iuquit,
1546 999 1675 1072 quid
1695 996 1935 1056 faceres?
1987 997 2122 1056 cum

468 1071 661 1132 ‘0810
695 1072 916 1131 mutilus
953 1072 1253 1131 miniteris?
1291 1074 1370 1132 At
1406 1072 1487 1129 ini
1517 1072 1665 1130 foeda
1704 1069 1921 1128 cicatrix

567 1143 812 1203 Setosam
850 1144 970 1202 laevi
1012 1145 1249 1202 frontem
1288 1160 1597 1216 turpaverat
1634 1144 1760 1202 oris,

567 1215 914 1288 Campanum
953 1216 1008 1274 in
1049 1217 1337 1291 morbum,
1379 1218 1436 1274 in
1467 1214 1664 1275 faciem
1701 1212 1983 1288 permulta
2023 1210 2121 1282 io-

840 1306 988 1346 catus

488 1363 497 1370 ”
568 1359 843 1417 Pastorem
877 1332 1209 1417 saltairet‘uti
1241 1359 1491 1443 Cyclopa
1518 1359 1773 1432 rogabat,

567 1430 664 1488 Nil
704 1432 783 1489 illi
820 1433 1139 1505 larva,·aut
1175 1433 1391 1504 tragicis
1434 1454 1568 1503 opus
1610 1431 1712 1488 effe
1754 1425 2067 1486 cothurnis.

472 1503 753 1575 65.Multa
794 1503 1032 1562 Cicirrus
1070 1504 1139 1562 ad
1172 1502 1607 1563 haeczDonaffet
1635 1505 1817 1574 jamne
1864 1517 2122 1557 catenam

536 1800 617 1847 ⁴9·
650 1782 846 1849 lippis.
870 1791 933 1833 In
971 1784 1086 1848 pilae
1120 1784 1239 1833 ludo
1270 1786 1445 1850 magna
1484 1785 1811 1834 contentione
1848 1786 2118 1836 oculorum

471 1865 594 1915 opus
627 1851 693 1899 est
718 1870 731 1900 :
758 1852 887 1912 quod
914 1850 1075 1900 facere
1095 1850 1224 1914 lippi
1261 1865 1534 1912 nequeunt.

539 1914 805 1966 crudis-In
826 1919 995 1966 eodem
1021 1917 1138 1966 ludo
1155 1916 1423 1965 stomachus
1442 1932 1580 1965 motu
1606 1916 1664 1966 &
1683 1916 1945 1979 jactatione
1970 1933 2124 1968 vexa-

474 1994 554 2032 tur
589 2002 601 2030 :
638 1982 766 2042 quod
809 1981 864 2029 in
899 1980 1138 2031 causa'est
1167 1998 1232 2031 ne
1271 1982 1371 2030 cibi
1395 1982 1540 2030 facile
1576 1984 1881 2047 digerantur.

546 2062 624 2108 51.
663 2045 834 2098 Caudi·
875 2054 974 2096 Pro
1002 2083 1016 2107 ‚
1066 2048 1260 2110 Caudii.
1297 2049 1539 2096 Caudium
1572 2063 1676 2096 erat
1708 2049 1947 2112 oppidum
1988 2048 2113 2097 Hir-

469 2112 705 2177 pinorum
721 2149 735 2173 ,
759 2122 1045 2162 Benevento
1059 2114 1237 2161 distans
1256 2128 1462 2174 quatuor
1476 2112 1734 2163 admodum
1757 2114 1950 2162 leucis:
1974 2129 2117 2164 nune

470 2179 643 2239 viem,
683 2177 916 2241 Amaia,
949 2193 1282 2241 nuncupatus.
1312 2185 1426 2228 Non
1462 2180 1633 2238 procui
1675 2180 1790 2228 sunt
1830 2181 2070 2228 Caudinae
2092 2215 2114 2246 ,

464 2242 641 2292 fauces
661 2279 676 2303 ,
706 2242 763 2292 &
802 2245 954 2292 furcae
980 2244 1214 2293 Caudinae
1249 2245 1334 2294 ubi
1368 2244 1580 2292 Romani
1608 2245 1693 2294 sub
1724 2245 1777 2307 iu
1813 2261 1899 2293 um
1923 2246 2071 2296 rniffi.

466 2364 473 2371 ,
542 2321 621 2368 54.
649 2306 791 2370 Osci.
830 2310 908 2356 Est
928 2309 983 2356 in
1004 2314 1130 2357 resto
1160 2311 1268 2358 casu
1307 2310 1502 2358 numeri
1522 2310 1748 2372 plut-aiis.
1860 2311 1983 2359 ordo
2006 2311 2112 2361 est.-

472 2371 618 2434 Osci,
649 2374 767 2423 sunt
799 2374 979 2422 clarum
1013 2390 1171 2439 genus
1189 2375 1323 2424 Meffi
1356 2395 1368 2423 :
1412 2374 1463 2422 id
1501 2375 1566 2423 est
1587 2411 1604 2436 ,
1641 2376 1837 2424 Meffius
1876 2393 1935 2425 ex
1969 2377 2114 2427 oscis

476 2438 718 2487 oriundus
758 2438 843 2487 est.
880 2446 1030 2487 Erant
1072 2454 1234 2488 autem
1272 2441 1417 2502 osci,
1451 2440 1609 2490 Italiae
1634 2441 1847 2503 populus
1878 2442 1934 2490 in
1960 2448 2113 2491 Cam-

471 2505 619 2614 papia
637 2540 652 2566 ‚
693 2505 1129 2568 contemptiffir'nus
1152 2541 1170 2566 ,
1208 2507 1271 2553 ob
1295 2506 1569 2555 sermonem
1598 2505 1655 2557 δί
1677 2523 1839 2556 mores
1863 2508 2113 2569 inquina—

470 2569 534 2618 tii
553 2584 697 2619 imos·
1665 2588 1669 2592 ’

547 2634 625 2695 58.
662 2633 893 2699 Accipio.
946 2643 1139 2698 Nempe
1193 2636 1631 2700 provocationem,
1672 2636 1910 2702 J’accepte
1939 2647 1986 2690 le
2016 2639 2117 2706 defi

472 2699 793 2813 ndcpugnam
832 2718 1023 2764 paratus
1066 2704 1193 2752 sum.
1702 2721 1715 2735 ·

586 2781 704 2829 aput
747 2782 919 2817 movet.
965 2768 1097 2830 Vel,
1141 2769 1268 2830 quasi
1305 2785 1571 2833 annuens,
1615 2769 1672 2820 St
1717 2769 2017 2833 promittens
2056 2771 2113 2825 se

478 2846 565 2894 par
605 2832 708 2893 pari
743 2833 1008 2880 relaturum
1039 2854 1050 2882 :
1079 2835 1160 2882 vel
1184 2835 1463 2884 minitans.
1502 2836 1595 2885 Cui
1632 2832 1875 2885 continuo
1900 2837 2113 2900 respon-

477 2896 563 3007 get
594 2898 983 2961 sarmentuS,·se
1004 2899 1201 2948 bestiam
1227 2916 1332 2948 non
1350 2902 1559 2964 timere,
1582 2902 1664 2951 cui
1692 2918 1849 2951 cornu
1870 2901 2116 2955 exsec-tum

514 2974 554 3008 t.
956 2974 961 2977 ·
1116 2984 1121 2989 ·

549 3024 958 3089 62.¹Campanum
984 3036 1214 3082 morbum.
1256 3031 1370 3080 Osci
1409 3035 1473 3080 ob
1514 3031 1942 3096 intemperantiam
1972 3032 2114 3084 laho-

475 3092 650 3163 3abant
686 3092 844 3164 foedis
905 3096 1125 3156 morbis,
1165 3112 1373 3157 quorum
1417 3098 1541 3160 saepe
1581 3099 1820 3163 vestigia,
1862 3098 1917 3145 in
1966 3102 2114 3152 vultu

477 3153 582 3227 ipso
603 3160 918 3229 erm-nebant,
943 3162 1221 3208 extantibus
1245 3162 1465 3210 verrucis
1484 3199 1503 3223 ‚
1535 3165 1682 3213 instar
1715 3178 1954 3212 cornuum
1988 3185 2001 3214 :
2027 3182 2114 3217 aut

479 3228 776 3282 mpetigme
800 3236 855 3269 ae
889 3227 1139 3287 mentagra
1162 3241 1248 3286 per
1283 3225 1451 3278 vultus
1473 3243 1605 3280 totos
1633 3229 1690 3280 δί
1712 3229 1839 3278 cona
1857 3228 2112 3296 serpentq

2003 3323 2109 3366 nos
