2269 3773
620 234 799 321 Lib.
858 232 1025 318 III.
1091 232 1269 318 Ode
1323 234 1579 320 XIX.
1702 266 1866 348 171

247 361 321 430 ἔπ’
346 361 624 450 specubus
651 360 896 440 cantabo
921 411 943 443 ‚
986 366 1075 427 ita
1099 380 1166 425 ut
1205 360 1276 423 ab
1319 363 1583 425 omnibus
1619 369 1872 445 audiar,

249 458 448 541 magni
496 453 746 538 Caesaris
794 451 1046 538 gloriam
1077 450 1431 536 fingularem
1456 498 1479 529 ,
1524 471 1704 535 neque
1750 452 1876 514 ullo

253 562 511 625 tempore
561 541 986 604 obliterandam
1037 562 1054 604 ε
1098 541 1292 602 dicam
1352 542 1640 624 quomodo
1677 538 1879 621 fuerit

252 628 531 717 udmiffiis
570 634 632 693 in
671 628 879 692 caelum
904 674 927 707 ‚
973 626 1070 688 ubi
1110 629 1289 690 caetui
1320 631 1587 690 Deorum
1633 623 1693 688 δ’
1729 650 1877 689 con·-

254 719 395 785 cilio
434 720 600 787 Iovis
644 717 899 802 interest.
961 715 1148 778 Nihil
1175 717 1247 777 de
1287 714 1391 777 illo
1433 714 1668 798 vulgare
1690 735 1874 797 prae-

254 803 461 868 dicabo
487 855 510 886 ,
561 806 720 868 nihil
758 802 1008 866 antehac
1051 804 1314 865 auditum
1344 827 1370 883 ,·
1427 822 1578 865 nova
1621 805 1872 883 omnia,

259 889 319 955 δ’
373 889 411 953 ὰ
468 895 697 956 nemine
741 888 1007 954 hac‘lenus
1049 889 1337 954 celebrata
1384 892 1597 952 dicam.
1641 892 1882 954 Eodem

238 982 529 1063 stupore,
573 999 727 1043 metu
755 1027 778 1060 ‚
825 975 885 1040 δ’
940 981 1356 1058 veneratione,
1395 973 1728 1060 perculsum
1784 999 1879 1041 me

241 1066 441 1151 sentio
467 1117 490 1148 ,
527 1071 647 1174 2¹²5
653 1063 1057 1152 percelluntur
1073 1068 1390 1130 Maenades
1409 1069 1471 1128 in
1479 1064 1675 1148 sacris
1698 1086 1881 1129 mon-

262 1156 454 1235 tibus,
501 1177 636 1218 cum
695 1153 1035 1239 evigilantes
1072 1156 1377 1237 derepente
1399 1201 1418 1235 ,
1467 1152 1733 1217 Hebrum
1775 1160 1881 1217 ἰη-

259 1260 499 1306 tuentur
533 1291 558 1324 ‚
629 1240 691 1305 δ’
751 1241 1097 1304 albicantem
1149 1240 1371 1304 nivibus
1441 1241 1761 1303 Thraciam
1818 1237 1881 1303 ἃ

260 1331 597 1411 Rhodopen
632 1332 836 1393 tritam
865 1327 1112 1411 pedibus
1140 1327 1514 1391 barbarorum
1545 1329 1884 1408 Thracum,

262 1417 374 1479 lzuc
411 1419 551 1480 illuc
589 1435 800 1480 temere
836 1414 1322 1498 concursantium.
1381 1410 1575 1498 Quum
1615 1416 1789 1478 loetus
1812 1436 1890 1480 ac

224 1503 444 1567 ‘libens
483 1526 612 1568 erro
639 1525 759 1586 per
789 1503 1063 1586 abruptas
1106 1505 1319 1587 rupes!
1360 1501 1560 1586 Quum
1593 1503 1727 1566 lta'c
1769 1524 1888 1567 ne·-

260 1613 434 1655 mora
454 1587 772 1677 sacrasque
803 1590 1157 1673 solitudines
1201 1592 1437 1656 miror!
1502 1592 1562 1653 0
1597 1593 1834 1658 Bacche
1851 1639 1888 1672 ,.

263 1677 428 1763 cujus
472 1701 664 1744 vocem
722 1675 780 1740 f?
834 1681 1082 1764 imperia
1127 1680 1396 1743 Na‘iades
1448 1683 1696 1744 audiunt
1715 1730 1740 1761 ,
1787 1683 1889 1743 cui

252 1786 473 1848 parent
506 1766 874 1836 Bacchantes
895 1814 920 1847 ‚
962 1767 1164 1852 quibus
1195 1784 1424 1831 tantum
1450 1766 1628 1831 robur
1645 1765 1887 1852 submi-

264 1856 476 1940 nistras,
502 1904 526 1937 ‚
571 1872 640 1918 ut
685 1854 985 1940 alttffimas
1031 1853 1262 1918 arbores
1308 1854 1380 1919 ab
1420 1857 1557 1918 imis
1596 1855 1887 1922 radicibus

263 1944 499 2007 valeant
520 1960 772 2006 evertere
795 1961 815 2005 .·
843 1964 949 2006 nec
970 1945 1048 2004 da
1069 1962 1137 2004 ut
1156 1944 1313 2007 nilzil
1329 1947 1401 2006 de
1428 1942 1657 2025 Caefhae
1676 1965 1887 2010 canam

268 2034 541 2117 exiguum
567 2052 591 2111 ;
632 2030 787 2093 nil1il
823 2029 1050 2109 vulgari
1091 2028 1152 2094 δ’
1181 2034 1330 2095 trito
1370 2034 1630 2095 carmine
1669 2051 1690 2097 .·
1733 2032 1892 2098 nilu'l

267 2124 427 2202 quod
463 2118 755 2184 hominem
791 2114 1016 2200 sapiat.
1089 2117 1365 2184 Arduum
1399 2122 1633 2203 quidem
1673 2142 1746 2183 ac
1775 2142 1890 2203 pe-

166 2264 173 2269 .
269 2209 444 2269 riculi
475 2206 717 2289 plenum
759 2201 871 2290 effe
899 2204 1098 2290 sentio
1142 2208 1211 2269 id
1232 2210 1517 2293 pra-stare
1540 2254 1563 2287 ‚
1608 2206 1724 2292 sed
1755 2210 1887 2273 lzaec

265 2295 364 2357 illi
412 2291 718 2382 difficultas
760 2292 899 2358 levis
935 2316 1007 2358 ac
1045 2292 1234 2359 dulcis
1269 2298 1352 2382 est
1366 2344 1389 2377 ‚
1433 2299 1535 2383 qui
1570 2314 1628 2358 te
1650 2345 1673 2381 ,
1716 2300 1887 2364 Bac-

170 2394 173 2397 ’
267 2385 375 2446 clze
396 2431 422 2465 ,
471 2381 785 2447 virentibus
810 2381 1047 2467 semper
1076 2385 1380 2468 pampinis
1420 2404 1694 2451 coronate
1716 2433 1741 2471 ,
1777 2383 1890 2472 se-

267 2492 487 2558 quatur
529 2475 751 2537 ducem.
