2269 3773
371 142 550 225 Lib.
613 138 682 224 I.
742 134 1096 250 Epistola
1169 133 1327 216 VI.
1498 154 1687 243 455.

77 299 243 347 tutem
285 280 345 342 in
382 275 565 349 verbis
601 273 850 359 pofitam
883 269 994 359 effe
1038 271 1393 351 arbitraris,
1444 268 1501 333 C?
1536 267 1702 359 syl-¹

76 388 200 433 mm
249 365 478 451 sacram
540 367 601 427 in
641 361 791 445 Jolis
837 360 1133 424 arboribus
1171 408 1193 439 ,
1255 363 1339 422 ito
1380 400 1397 429 ,
1435 380 1553 441 per
1591 383 1683 424 me

76 459 209 520 licet
231 479 253 535 ;
297 456 447 517 mari
483 472 537 515 te
564 456 860 515 committe
903 471 921 513 .·
958 452 1208 534 provide
1232 496 1254 527 ,
1298 470 1368 510 ne
1395 468 1693 514 mercator

80 546 283 628 aliquis
306 544 482 625 prior
518 537 691 627 quarn
738 559 799 601 tu
826 587 847 620 ,
896 542 976 603 ad
1017 557 1261 599 externa
1311 537 1520 599 littora
1565 563 1685 603 na·-

80 632 501 715 rem‘appellat
543 650 558 693 :
609 648 745 690 cave
787 649 857 692 ne
921 648 1055 714 quae
1100 624 1333 711 Cibyris
1359 668 1376 697 ,
1430 648 1564 711 quae
1623 633 1689 693 in

75 722 364 807 Bithynia
423 717 594 783 habes
658 720 893 779 neootia
944 713 1001 778 δ’
1064 736 1278 777 merces
1304 763 1326 795 ,
1381 719 1623 780 amittas
1667 736 1688 780 .·

75 830 272 886 extrue
329 810 391 870 in
455 808 639 870 altum
709 769 767 867 δ’
843 824 1084 889 congere
1151 805 1311 865 mille
1383 805 1613 868 talenta
1657 854 1681 887 ,

76 921 215 962 mox
265 896 450 959 altera
507 896 751 959 totidem
790 942 811 973 ,
886 894 1092 955 deinde
1161 894 1338 954 tertia
1383 940 1407 972 ,
1477 916 1694 977 quarta

77 989 314 1071 denique
353 1032 374 1065 ,
416 1004 482 1046 ut
538 985 855 1067 quadratus
889 1002 964 1041 ex
1017 982 1177 1041 omni
1227 1000 1403 1062 parte
1454 983 1563 1043 tibi
1613 986 1706 1070 fit*

78 1074 394 1158 thesaurus.
458 1074 688 1153 Nempe
758 1070 908 1131 hanc
945 1070 1224 1150 pecunia>
1271 1071 1386 1129 vim
1455 1071 1630 1133 habet
1669 1122 1695 1155 ‚

76 1185 151 1227 ut
187 1163 282 1247 qui
330 1163 402 1222 ed
439 1155 741 1243 instruc-lus
777 1158 892 1242 est,
939 1175 1184 1217 uxorem
1219 1154 1358 1217 bene
1400 1160 1697 1243 dotatam,

58 1255 252 1338 fidem
273 1299 295 1329 ,
320 1249 538 1310 amicos
555 1293 572 1326 ‚
598 1244 987 1325 nobilitatem,
1015 1244 1547 1327 pulchritudinem,
1579 1250 1703 1310 elo-

62 1340 380 1429 quentiam
407 1373 441 1414 ,Δ
469 1337 727 1420 gratiam
763 1330 821 1395 δ’
863 1335 1212 1416 venustatem
1233 1380 1255 1412 ,
1306 1333 1466 1394 nullo
1513 1358 1701 1421 nego-

78 1433 177 1494 tio
200 1423 596 1508 consequatur.
641 1424 845 1507 Neque
871 1416 1002 1484 vero
1026 1424 1147 1494 una*
1171 1417 1403 1483 tantitm
1431 1444 1490 1485 re
1519 1426 1705 1488 abun·-

77 1521 229 1581 dare
274 1530 574 1575 contentus
622 1512 736 1596 esto
757 1534 781 1591 ,·
826 1528 892 1572 ut
939 1529 1044 1571 rex
1099 1512 1493 1594 Cappadocia·
1516 1562 1538 1593 ,
1603 1518 1708 1601 qui

75 1601 224 1669 ciem
264 1601 572 1683 mancipiis
598 1602 754 1661 dives
773 1598 898 1683 fit,
941 1600 1190 1661 nummis
1215 1619 1375 1663 caret
1410 1622 1426 1665 .·
1471 1606 1707 1669 imitare
1787 1638 1792 1644 ·

64 1692 283 1780 potius
326 1688 680 1767 Lucullum,
730 1693 830 1771 qui
875 1708 1109 1772 rogatus
1158 1688 1229 1751 ab
1267 1693 1457 1757 amico
1501 1713 1565 1755 ut
1599 1693 1715 1775 ipsi

80 1781 486 1843 commodaret
512 1826 533 1859 ,
572 1776 627 1861 fi
657 1771 888 1860 postet,
931 1771 1160 1838 centum
1203 1781 1374 1861 vestes
1417 1784 1499 1841 ad
1526 1784 1709 1846 exlzi-

76 1870 335 1934 hentlam
385 1865 640 1951 aliquam
677 1865 741 1925 in
775 1862 957 1946 scena
1000 1869 1348 1949 tragaediam
1389 1886 1408 1929 .·
1440 1870 1574 1955 Ego
1616 1894 1713 1935 ve-

79 1955 163 2024 rb
192 2004 212 2035 ‚
262 1955 495 2036 inquit,
534 1973 736 2014 vereor
784 1973 851 2015 ut
897 1971 1122 2014 tantum
1166 1953 1276 2015 tibi
1296 1954 1562 2035 praebere
1597 1982 1717 2022 nu-

66 2063 313 2112 merum
356 2041 565 2127 poffim
585 2088 609 2120 ‚
655 2039 858 2101 videbo
906 2058 1100 2102 tamen
1142 2063 1213 2117 ac
1257 2044 1491 2104 mittam
1568 2068 1714 2110 uot—

67 2153 236 2224 quot
273 2129 453 2215 penes
494 2148 585 2191 me
633 2129 793 2190 domi
826 2148 1016 2190 erunt.
1065 2131 1208 2191 Non
1247 2133 1336 2191 ita
1372 2133 1556 2197 multo
1584 2139 1732 2220 post-

70 2224 403 2290 certiorem
470 2218 638 2282 illum
688 2235 806 2298 per
870 2217 1098 2279 litteras
1133 2215 1300 2298 facit
1328 2265 1351 2297 ‚
1402 2221 1612 2284 hahere
1650 2221 1721 2306 se

68 2311 256 2378 domi
299 2307 639 2394 chlamydes
662 2306 911 2390 quinque
949 2307 1177 2384 millia,
1231 2306 1389 2369 nilzil
1407 2310 1470 2370 in
1499 2308 1568 2391 fi³
1594 2310 1735 2394 fu-·

72 2420 292 2467 turum
338 2417 522 2459 moroe
548 2397 687 2480 quin
729 2415 825 2456 eas
861 2416 1056 2458 omnes
1081 2438 1096 2466 ‚
1143 2395 1238 2455 vel
1269 2391 1526 2477 ipfhrum
1550 2420 1739 2484 quam.

73 2489 273 2556 vellet
309 2506 546 2568 partem
587 2487 806 2546 amicus
833 2481 1116 2566 sumeret.
1168 2487 1351 2566 Inops
1388 2483 1445 2548 δ’
1487 2491 1730 2574 angusta

73 2579 178 2665 est
222 2580 424 2638 domus
449 2624 470 2655 ,
519 2574 615 2637 ubi
665 2593 780 2636 non
815 2573 1112 2637 abundant
1149 2573 1374 2655 multa,
1414 2595 1548 2658 quoe
1598 2581 1728 2641 m‘i-

76 2661 258 2734 nimb
294 2661 418 2746 fint
458 2657 816 2748 neceffaria‚
868 2683 1000 2746 quoe
1044 2663 1270 2727 lateant
1310 2663 1465 2747 ipsos
1506 2669 1678 2731 heros
1701 2716 1726 2750 ,

81 2754 162 2820 ε’
200 2749 448 2834 furibus
492 2750 819 2833 opportuna
850 2752 989 2836 fint.
1047 2755 1250 2836 Igitur
1289 2753 1345 2838 fi
1400 2773 1535 2836 opes
1580 2757 1733 2819 lzanc

54 2843 255 2935 [οἷον
306 2843 424 2904 vim
467 2840 714 2919 habent,
762 2859 828 2901 ut
874 2839 1069 2902 beatos
1110 2840 1389 2902 mortales
1426 2843 1728 2928 efficiant,

72 3040 174 3089 set
192 3072 207 3097 ‚
253 3035 478 3083 dominis
515 3035 830 3100 suggererent
853 3056 869 3086 .·
889 3039 1187 3086 vocabantur
1215 3035 1296 3085 illi
1331 3035 1460 3086 servi
1481 3073 1499 3100 ,
1525 3035 1746 3099 Nemetas

81 3111 341 3154 datores.
1409 3116 1413 3121 “

179 3179 267 3226 50.
306 3163 500 3213 Laevum
538 3171 685 3212 latus.
724 3168 763 3211 Α
794 3164 922 3212 laevo
959 3164 1094 3213 enim
1130 3166 1283 3216 latete
1308 3165 1479 3217 astnbat
1514 3179 1734 3227 nomen-
1827 3184 1832 3187 Α

105 3231 319 3294 dator,
360 3232 455 3282 five
490 3230 618 3285 latus
648 3229 839 3286 domini
859 3233 1073 3296 tegebat.
