2269 3773
577 150 752 240 Lib.
790 136 932 241 ιἸῙ.
981 154 1252 239 Satira
1312 153 1383 239 Ῑ.
1584 177 1592 183 ’
1631 188 1798 271 357

191 283 573 373 tuluscumque
618 289 764 375 Jim,
814 285 873 350 δ’
900 288 957 374 fi
989 284 1173 351 multi>
1222 288 1481 368 inferior
1531 290 1802 374 Lucilia,

176 378 289 461 five
333 396 468 458 opes
517 372 576 439 δ’
620 377 1016 441 conditionem
1049 373 1270 459 speiles
1296 420 1314 453 ,
1348 374 1471 459 five
1510 378 1810 461 ingenium

154 497 157 504 ·
193 461 248 527 δ’
292 467 675 528 eruditionem
704 515 728 546 ,
779 486 978 529 tamen
1020 465 1300 549 profiteri
1348 459 1478 525 ver>
1523 464 1750 551 poffitm
1778 517 1804 550 ,

190 556 342 639 quod
362 555 546 617 invidi
582 574 846 640 quoque,
898 574 1231 640 quanquam
1273 552 1485 630 inviti,
1516 551 1807 634 fatebun-

162 661 286 704 ·tur
307 690 328 722 ‚
373 662 463 703 me
494 643 853 725 primoribus
889 643 1151 705 civitatis
1184 637 1475 725 placuiffe
1495 688 1520 719 ,
1566 645 1810 730 cumque

193 730 262 791 iis
283 729 679 811 familiariter
716 726 945 814 vixiffe.
983 732 1228 815 Frustra
1266 727 1671 796 obtrec'latores
1694 756 1810 797 ne·-

193 819 439 904 quiffimi
480 822 620 882 vitae
667 840 815 882 meae
870 840 941 881 ac
982 840 1208 883 morum
1254 821 1647 902 integritatem
1698 845 1812 883 co..

193 906 477 969 nabuntur
498 910 809 988 arrodere,
863 903 922 969 Ge
949 910 1013 971 in
1051 910 1271 971 crimen
1295 927 1365 967 ac
1400 908 1682 971 invidiam
1711 933 1815 972 vo-

193 1015 321 1056 care
357 1015 375 1057 .·
415 996 553 1056 dum
586 996 881 1079 infirmum
921 1017 991 1058 ac
1020 993 1248 1079 fragile
1287 996 1585 1076 quidpiam
1635 1020 1809 1083 quae..

196 1101 364 1162 rent,
416 1086 510 1145 cui
542 1087 754 1145 ¹dentes
796 1083 1086 1167 infigant,
1137 1084 1424 1164 reperient
1464 1087 1662 1148 omnia
1690 1086 1811 1169 Jo-

194 1172 318 1234 lida
336 1218 359 1250 ,
393 1166 451 1230 G’
471 1188 678 1233 contra
695 1171 1126 1234 maledicentiae
1145 1169 1367 1248 morsus
1391 1174 1635 1234 munita.
1663 1178 1812 1238 Ha-

192 1258 283 1321 bes
301 1307 324 1339 ,
375 1258 619 1320 Trebati
644 1256 949 1342 doc7tffime
968 1306 991 1338 ,
1021 1260 1170 1341 quid
1172 1256 1432 1338 sentiam
1449 1303 1472 1335 ,
1499 1263 1646 1342 quid
1664 1265 1816 1328 mihi

143 1409 147 1413 ,
191 1346 576 1410 deliberatum
623 1341 681 1405 fe
723 1349 1090 1431 constitutum
1113 1346 1235 1429 Jit,
1286 1346 1376 1405 ita
1405 1345 1588 1426 plane
1630 1368 1699 1410 ut
1741 1371 1817 1414 ex

193 1438 268 1498 iis
310 1452 445 1520 quoe
468 1435 597 1495 dixi
622 1433 780 1494 nihil
809 1455 1136 1514 mutatum,
1175 1432 1331 1495 nilzil
1368 1432 1682 1497 detrac‘lum
1709 1459 1817 1500 re·-

191 1525 295 1586 lim
318 1572 338 1602 ‚
385 1521 494 1608 nist
541 1539 734 1582 tamen
780 1524 959 1585 aliter
993 1523 1104 1585 tibi
1149 1523 1395 1583 videtur.
1461 1524 1547 1584 Id
1587 1544 1762 1588 unum
1785 1576 1811 1609 ‚

192 1612 419 1676 Horati
440 1661 462 1691 ,
496 1629 701 1688 moneo
722 1658 745 1688 ,
788 1631 854 1674 ut
880 1633 1081 1674 caveas
1105 1630 1178 1673 ne
1200 1613 1347 1695 quid
1378 1611 1814 1697 imperitixiju-

193 1702 277 1764 ris
294 1749 315 1781 ,
365 1720 434 1761 ac
455 1698 646 1783 legum
653 1695 856 1780 sande
867 1698 1103 1783 semper
1122 1697 1605 1781 observandarum
1636 1705 1815 1787 igno-

197 1792 426 1851 ratione
461 1807 664 1869 pecces
686 1834 708 1866 ,
754 1792 904 1851 unde
943 1789 1200 1871 periculi
1247 1790 1546 1872 quidpiam
1604 1787 1663 1853 δ’
1702 1813 1817 1853 ne·-

191 1879 347 1962 gotii
396 1875 505 1938 tibi
549 1878 738 1938 creari
768 1873 962 1961 poffit.
1015 1880 1096 1940 Id
1136 1878 1290 1938 enim
1342 1874 1562 1958 neskire
1599 1896 1657 1940 te
1700 1902 1822 1941 no-

198 1966 306 2028 Iim
332 1969 367 2044 ,'
396 1960 562 2049 poste
601 1965 767 2026 illum
802 1969 864 2029 in
886 1962 995 2050 jus
1030 1966 1229 2026 vocari
1271 1960 1330 2025 f?
1375 1985 1531 2027 reum
1562 1970 1815 2052 peragi,

197 2056 541 2141 quicumque
582 2052 767 2115 malos
820 2051 1016 2134 versus
1077 2056 1147 2114 in·
1188 2053 1440 2133 aliquem
1488 2051 1820 2134 scripserit.

196 2144 346 2227 Esto
367 2138 514 2223 sane
539 2163 564 2220 ,·
590 2140 646 2224 fi
684 2142 813 2224 quis
837 2140 1022 2202 malos
1044 2138 1355 2222 scripserit
1386 2138 1579 2220 versus
1617 2160 1637 2203 .·
1679 2160 1745 2204 at
1767 2144 1827 2230 fi

199 2231 379 2292 bonos
403 2278 428 2309 ,
484 2226 734 2310 caesaris
778 2229 950 2313 ipsius
984 2227 1220 2312 judicio
1283 2227 1563 2290 laudatur
1589 2223 1824 2311 praba-

200 2337 410 2402 turque
439 2335 456 2379 .·
473 2317 530 2401 fi
575 2320 704 2401 quis
732 2317 952 2398 probus
974 2365 996 2396 ,
1055 2313 1113 2378 δ’
1148 2336 1334 2397 purus
1360 2313 1604 2397 sceleris
1626 2364 1649 2396 ,
1701 2320 1824 2380 im-

187 2405 444 2491 probum
499 2402 556 2466 G*
587 2403 939 2487 sceleratum
975 2402 1177 2487 fuerit
1210 2407 1432 2466 acriter
1473 2403 1776 2485 insec‘latus
1798 2432 1826 2488 ,-

200 2493 478 2559 ridebunt
483 2489 716 2575 judices
733 2540 755 2571 ,
807 2491 863 2556 f?
888 2493 1037 2577 leges
1062 2513 1258 2554 omnes
1285 2494 1347 2554 in
1371 2496 1663 2556 satiricos
1685 2496 1830 2559 latae

198 2582 599 2663 explodentur
617 2628 640 2661 ,
692 2580 953 2666 nihilque
1000 2585 1062 2644 in
1107 2577 1393 2663 ejusmodi
1435 2584 1687 2645 Poe'tam
1729 2605 1831 2644 va-

202 2670 410 2734 lebunt
432 2714 452 2747 ‚
488 2666 603 2750 sed
653 2669 756 2736 ille
801 2671 962 2737 omni
992 2669 1260 2759 periculo
1290 2668 1524 2753 ‚stactus
1571 2668 1628 2735 G?
1673 2688 1833 2736 metu

98 2800 111 2809 —
200 2760 561 2826 dimittetur.
