2269 3773
534 251 618 336 E
603 248 873 363 podon
936 248 1111 336 Ode
1171 247 1333 337 XI.
1580 275 1742 365 243

102 384 353 471 nudor,
404 391 648 474 inquam
685 434 705 468 ‚
756 386 893 472 sum
934 404 1002 470 ut
1060 388 1416 468 arripiamus
1476 385 1594 447 iter
1633 386 1755 467 five

102 483 317 558 tetra‘5
374 496 734 563 quocumque
763 474 899 558 fbrs
948 472 1153 536 tulerit
1173 520 1192 552 ,
1233 474 1354 558 five
1404 477 1560 534 mari
1593 493 1756 554 quo-

105 586 360 653 cumque
381 569 540 627 venti
568 585 639 626 ac
662 564 1026 647 tempestates
1049 584 1153 625 nos
1178 564 1565 643 deportarint.
1593 563 1759 623 Num

108 654 176 719 δ’
207 656 372 717 vobis
417 656 648 716 arridet
675 649 975 733 sententia
1002 646 1039 713 ,Ρ
1086 653 1251 713 Num
1297 652 1427 733 quis
1458 652 1762 732 potiorem

110 744 288 807 habet
326 740 506 825 quam
547 744 709 802 dicat
732 735 769 803 ?
813 741 977 821 Quid
999 733 1388 799 cunc‘lamur?
1437 741 1603 820 Quid
1632 741 1763 800 im·
1804 747 1812 762 “

101 819 285 915 'pedit
328 831 637 913 quominus
650 827 867 911 faustis
906 821 1194 890 ominibus
1233 845 1435 887 navem
1477 824 1766 909 conscen-

110 912 388 981 damus?
434 920 562 981 Sed
603 937 710 978 nos
758 917 869 977 lzoc
901 914 1276 997 sacramento
1321 908 1496 994 prius
1537 916 1767 1000 ipfimet

114 1006 545 1092 obstringamus
567 1053 588 1083 ,
629 1023 698 1066 ut
740 1021 860 1063 tum
896 1007 1122 1065 demum
1164 1002 1345 1063 liceat
1376 1002 1612 1067 cuilibet
1651 1004 1767 1066 Jzuc

119 1097 367 1173 redire,
419 1090 553 1155 citm
586 1090 746 1173 saxa
790 1089 1099 1175 quaesunt
1155 1091 1221 1151 in
1275 1092 1393 1150 imo
1439 1094 1636 1169 mari,
1688 1113 1767 1152 ex·
1808 1154 1815 1157 ,

118 1204 191 1245 eo
238 1179 579 1263 emerserint
604 1177 822 1261 sponte
840 1176 963 1262 sud
1008 1198 1027 1241 .·
1073 1194 1142 1238 ut
1175 1181 1441 1259 patriam
1480 1180 1770 1262 converfis

121 1270 268 1332 velis
310 1289 566 1352 repetere
601 1268 784 1329 libeat
806 1314 829 1347 ,
875 1263 1010 1330 cum
1049 1268 1257 1330 Padus
1286 1263 1477 1347 supra
1511 1285 1773 1330 montem

118 1359 439 1423 Matinum
465 1354 537 1439 se
564 1351 876 1439 sustulerit
903 1402 921 1436 ,
972 1373 1074 1416 aut
1121 1353 1470 1433 Apenninus
1507 1356 1571 1424 in
1609 1374 1776 1415 mare

111 1444 511 1528 profiluerit5
563 1463 694 1510 cum
739 1464 910 1505 amor
948 1439 1331 1523 portentosus
1376 1443 1552 1525 tigres
1591 1444 1780 1505 cervis

109 1520 439 1619 junxerit,
490 1529 548 1593 δ’
589 1530 883 1593 columbas
924 1531 1146 1592 milviis
1170 1576 1193 1608 ,
1243 1525 1376 1591 ciem
1422 1550 1491 1590 ea
1529 1552 1777 1616 gregum

122 1623 247 1684 erit
296 1620 652 1705 confidentia
692 1638 760 1683 ut
793 1618 989 1681 leones
1037 1613 1275 1678 'minime
1304 1617 1772 1701 pertimescant,

129 1706 195 1770 ἃ
233 1709 304 1769 in
338 1728 539 1790 eorum
558 1708 748 1791 fidem
791 1728 864 1769 ac
883 1708 1288 1787 patrocinium
1314 1702 1384 1785 se
1422 1708 1777 1791 conserant,-

126 1789 271 1859 citm
318 1796 514 1860 hircus
542 1842 569 1874 ,‚
631 1798 734 1878 qui
777 1796 951 1877 modo
997 1792 1237 1878 villosus
1283 1796 1367 1877 est
1421 1814 1579 1858 totus
1603 1847 1626 1877 ,
1662 1800 1780 1881 fiet

127 1881 408 1964 depilis;
470 1880 528 1946 &-
576 1885 678 1966 qui
710 1880 965 1966 summis
1020 1883 1081 1945 in
1141 1880 1432 1946 montibus
1466 1882 1780 1966 pascitur,

115 1970 291 2056 JalJb
331 1974 485 2034 mari
523 1972 801 2054 gaudebit
843 1974 1133 2036 innatare.
1179 1973 1312 2056 Age
1342 1972 1571 2053 igitur,
1615 1975 1785 2057 post-

132 2079 319 2145 quam
345 2057 792 2122 ¹adhibuerimus
818 2061 955 2145 isias
965 2056 1221 2140 jurandi
1257 2056 1314 2121 ἃ
1340 2061 1593 2122 reditum
1633 2082 1784 2123 exe-

131 2147 353 2213 crandi
385 2147 681 2232 fhrmulas
705 2194 724 2226 ‚
765 2147 1025 2231 aliasque
1052 2146 1411 2231 consimiles,
1449 2146 1782 2235 profligia-

135 2256 274 2299 mus
314 2239 465 2300 cives
522 2239 604 2298 ad
642 2256 822 2297 unum
874 2256 1072 2298 omnes
1094 2284 1119 2317 ‚
1175 2255 1280 2298 aut
1321 2257 1470 2320 pars
1525 2239 1785 2300 civitatis

136 2321 302 2388 cert?
326 2371 348 2404 ,
384 2321 726 2407 sapientior
747 2325 854 2387 vili
870 2323 1180 2407 plebecula'
1201 2370 1221 2403 ,
1265 2326 1786 2413 quae-instarstu-

125 2416 278 2497 pidi
314 2417 508 2498 gregis
552 2413 689 2473 duci
718 2416 946 2476 ratione
985 2435 1101 2475 non
1118 2417 1317 2501 potcss
1335 2459 1355 2494 ,
1406 2435 1478 2476 ac
1504 2413 1617 2497 spe
1640 2418 1787 2478 vitoe

127 2500 524 2586 jbrtunaeque
564 2500 826 2564 melioris
870 2523 991 2564 non
1036 2503 1333 2584 tangitur:
1382 2505 1641 2567 Maneat
1679 2504 1789 2568 illa

128 2588 289 2674 sane
315 2637 338 2667 ,
394 2586 451 2650 f?
483 2585 819 2670 infelicibus
852 2593 1030 2678 affixa
1067 2588 1288 2652 [caulis
1318 2591 1563 2656 haereat.
1628 2593 1747 2656 Vos
1767 2640 1786 2672 ,

143 2682 184 2742 ὂ
231 2679 579 2763 quicumque
604 2679 720 2739 viri
752 2680 885 2756 estis
910 2728 931 2759 ,
979 2680 1236 2742 omittite
1265 2677 1532 2762 plant‘lus
1569 2679 1790 2762 foemi-

143 2788 291 2833 neos
314 2815 337 2844 ,
390 2763 447 2828 δ’
489 2767 560 2828 ab
596 2768 909 2851 Tyrrheno
936 2767 1107 2852 longe
1148 2760 1365 2830 littore
1393 2769 1536 2832 velis
1576 2769 1794 2854 remis-

141 2877 260 2943 que
269 2851 492 2939 sugite.
544 2859 846 2919 Petendus
871 2854 1039 2918 nobis
1069 2859 1338 2920 Oceanus
1360 2859 1444 2942 est
1465 2908 1488 2938 ,
1535 2861 1637 2944 qui
1663 2880 1794 2923 ter-

144 3090 418 3153 proculab
450 3088 727 3153 Hispani&
764 3091 1095 3140 amoeniffimae
1134 3109 1189 3142 ac
1213 3072 1414 3160 frugun]
1459 3096 1685 3145 omnium
1720 3099 1800 3145 di-

147 3155 344 3203 tiffimae
373 3189 389 3212 ‚
431 3170 571 3203 nunc
612 3171 852 3205 vocantur
890 3164 959 3206 les
1000 3156 1256 3207 canarios.
1686 3169 1699 3177 '

221 3234 310 3275 44.
343 3217 515 3267 Floret
552 3220 713 3282 usque.
754 3223 1068 3286 lungendum
1094 3224 1188 3270 hoc
1211 3241 1322 3272 cum
1352 3240 1476 3273 voce
1517 3225 1754 3286 imputata
1780 3245 1793 3274 :

148 3284 309 3332 floret
353 3285 548 3346 semper
582 3286 805 3344 quamvis
854 3303 964 3337 non
1006 3300 1204 3350 putetur
1242 3306 1264 3348 ,·
1309 3305 1420 3337 mox
1464 3291 1549 3338 ubi
1596 3290 1800 3350 floruit,

145 3357 295 3403 luen
320 3347 508 3401 fruens
553 3348 714 3403 effert.
1286 3419 1338 3482 L
1369 3420 1405 3433 ..

1367 3441 1404 3497 ¹1
