2269 3773
614 147 788 234 Lib.
838 97 964 236 Π.
1028 125 1204 233 'ode
1261 145 1373 232 X.
1549 180 1710 260 117

89 286 412 372 aliquando
459 279 761 367 lapsurum
810 286 873 347 in
916 284 1239 348 herinihil
1273 284 1391 347 tale
1403 289 1724 365 promeriti

92 393 288 458 caput.
339 376 532 439 Nemo
567 373 740 433 homo
784 375 865 466 est
907 376 1009 457 qui
1040 372 1376 456 prospicere
1425 369 1483 433 δ’
1523 396 1722 439 cavere

83 462 263 549 poffit
307 462 509 524 omnia
559 479 691 545 quoe
734 462 842 545 ipfi
894 463 1057 524 horis
1094 462 1341 547 singulis
1388 461 1726 543 impendent

81 549 378 633 pericula.
422 547 924 633 Carthaginienses
947 570 1145 613 nautae
1159 548 1449 631 procellas
1470 553 1533 613 in
1558 551 1724 634 Bos-

81 640 279 720 phoro
328 640 583 700 excitari
615 635 828 719 ‚solitas
853 637 1019 701 unic?
1061 641 1493 720 reformidant,
1537 659 1722 725 neque

91 744 346 787 mortem
376 723 809 807 improvisam,
847 724 1141 808 sexcentis
1185 727 1319 789 aliis
1366 728 1428 787 in
1470 726 1617 789 locis
1662 726 1723 792 Ee

94 812 491 899 occasionibus
522 815 931 877 imminentem
968 862 991 893 ,
1058 818 1284 877 timent.
1333 811 1521 877 Miles
1568 817 1721 881 Ro·-

95 922 300 964 manus
326 896 542 986 jacula
580 902 947 964 Parthorum
972 950 993 981 ,
1049 923 1185 966 tunc
1208 899 1462 968 maxime
1488 908 1722 985 quando

85 988 299 1074 fugam
314 988 635 1074 fimulant',
654 988 1036 1073 pertimescit.
1078 993 1303 1057 Parthi
1327 989 1562 1075 viciffim
1586 994 1725 1055 Ro-

100 1097 404 1140 manorum
442 1080 589 1140 vires
624 1075 862 1144 invidas
880 1079 1334 1163 perhorrescunt
1357 1128 1380 1159 ,
1429 1100 1500 1140 ac
1544 1100 1615 1141 ne
1648 1078 1721 1141 ab

103 1166 186 1226 his
230 1167 553 1247 capiantur
586 1167 648 1227 in
684 1169 808 1229 acie
834 1215 857 1247 ,
912 1163 970 1228 δι’
1016 1170 1079 1228 in
1104 1168 1333 1230 vincula
1382 1164 1723 1248 conjician-

100 1270 198 1315 tur
216 1300 241 1332 ,
286 1271 570 1315 metuunt.
614 1254 739 1316 Sed
762 1258 897 1317 inde
920 1275 1076 1316 mors
1103 1274 1297 1318 tamen
1321 1254 1545 1336 ingruit
1576 1256 1724 1318 hac-

100 1359 263 1401 tenus
288 1388 312 1420 ‚
364 1359 436 1402 ac
476 1343 842 1429 inposterum
880 1344 1111 1427 ingruet
1142 1340 1481 1406 mortalibus
1505 1390 1527 1422 ,
1572 1346 1725 1406 unde

100 1426 343 1491 minime
387 1426 735 1513 expediatur.
794 1436 992 1514 Quam
1027 1450 1244 1512 parum
1265 1457 1270 1463 ·
1294 1425 1491 1510 abfuit
1509 1457 1546 1509 ,·
1582 1434 1727 1516 quin

102 1537 299 1579 atram
345 1518 497 1581 hanc
520 1565 542 1595 ,
591 1518 688 1580 ubi
736 1537 937 1606 regnat
973 1518 1336 1602 Proserpina
1359 1565 1382 1597 ,
1433 1521 1725 1603 regionem

100 1602 467 1686 aspicerem!
522 1602 580 1667 f?
627 1608 889 1670 AEacum
920 1603 1275 1688 sententiam
1326 1610 1396 1669 de
1440 1607 1727 1671 Manibus

92 1694 390 1774 serentem
428 1715 481 1773 ,χ
517 1710 638 1755 tum
688 1693 818 1759 loca
869 1695 1112 1778 placida
1151 1696 1351 1777 probis
1394 1694 1676 1760 attributa
1701 1720 1729 1778 ,·

104 1784 485 1864 Sapphonem
509 1785 811 1847 vernaculo
850 1786 1104 1847 carmine
1127 1787 1197 1846 de
1229 1783 1545 1869 virginibus
1570 1784 1729 1870 Les-

94 1869 217 1991 7hiis
240 1889 686 1957 conquerentem
708 1872 730 1935 Ι
786 1874 983 1959 Teque
1007 1920 1030 1951 ,
1077 1873 1112 1935 ὅ
1140 1871 1349 1937 Alcaee
1373 1921 1394 1952 ,
1440 1876 1618 1936 aureci
1644 1876 1735 1937 ci-

103 2097 209 2132 tam
243 2082 402 2146 perite
426 2118 442 2144 ‚
481 2082 673 2132 reflexis
711 2082 769 2130 in
805 2085 1034 2132 humeros
1082 2084 1287 2131 arcubus
1310 2116 1326 2145 ,
1357 2082 1734 2145 conjiciebant,

104 2163 166 2199 ut
206 2149 552 2209 persequentes
586 2148 943 2201 interficerent.

175 2226 261 2261 22.
300 2212 533 2262 AEacum.
565 2220 683 2261 Tres
716 2213 745 2259 a
776 2213 990 2262 Plutone
1027 2211 1280 2260 constituti
1299 2210 1484 2272 iudices
1514 2213 1572 2259 de
1601 2226 1734 2259 mor-

111 2290 312 2327 tuorum
346 2278 496 2326 caufis
543 2278 837 2343 cognoscere
874 2277 1161 2327 dicebantur
1201 2295 1215 2325 z
1256 2277 1427 2326 Minos
1460 2313 1477 2338 ,
1525 2282 1734 2340 AEacus,

110 2344 528 2394 Rhadamanthus.
608 2354 615 2361 ’
1171 2394 1178 2398 e

180 2420 265 2471 23.
316 2405 462 2457 Sedes
505 2410 717 2472 piorum.
764 2413 974 2469 Campos
1007 2408 1217 2471 Elyfios.
1266 2406 1518 2456 Nonnulli
1551 2405 1750 2471 legunt*

111 2470 353 2533 disi-retas
380 2509 397 2535 ,
436 2472 493 2521 id
532 2473 635 2536 est,
678 2474 913 2535 separatas
946 2474 975 2520 a
1012 2471 1268 2520 domicilio
1309 2472 1610 2535 impiorum,
1651 2470 1739 2521 seu

112 2543 339 2587 Tartaro.

185 2617 277 2659 24.
313 2600 529 2651 AEoliis.
566 2602 733 2651 AEoles
768 2616 905 2650 erant
948 2601 1153 2650 Graeciae
1189 2601 1371 2652 veteris
1414 2603 1646 2665 populus.
1677 2606 1743 2650 In

113 2667 281 2714 Afiam
319 2667 562 2716 minorem
598 2666 899 2731 transgreffi5
937 2667 1263 2715 consederunt
1302 2667 1356 2715 in
1383 2671 1437 2716 ea
1467 2681 1599 2729 parte
1630 2680 1743 2726 quae

112 2732 187 2781 est
233 2733 372 2780 inter
411 2733 642 2780 Troadem
689 2730 746 2780 δε
778 2733 970 2780 Ioniam
1021 2751 1034 2781 ε
1083 2732 1251 2791 ibique
1289 2734 1433 2780 urbes
1485 2730 1744 2787 duodecim

112 2797 414 2847 condidere.
453 2803 632 2844 Eorum
674 2797 825 2845 etiam
866 2797 923 2844 in
970 2796 1161 2844 ditione
1191 2799 1369 2844 Lesbos
1409 2795 1570 2845 insula
1608 2794 1744 2856 fuit,

116 2859 378 2920 Metelin,
412 2861 567 2910 Alcaei
597 2861 781 2923 patria,
818 2861 876 2912 &
909 2861 1211 2924 sapphonis,
1244 2861 1383 2922 cujus
1417 2877 1520 2910 eam
1558 2863 1618 2908 ob
1643 2875 1749 2907 rem

115 2925 316 2973 cithara
349 2926 524 2974 hocin
562 2924 794 2975 versiculo
826 2925 986 2976 AEolia
1020 2938 1218 2973 vocatur
1250 2926 1360 2977 Lib.
1392 2924 1437 2974 1'.
1460 2927 1554 2974 od.
1590 2939 1635 2973 ι.
1662 2939 1749 2985 273

193 2991 482 3055 Querentem
499 3026 515 3050 ‚
554 2989 659 3042 ὅτε.
691 2996 766 3040 Ab
795 2993 859 3040 iis
879 2991 927 3040 se
953 3004 1285 3053 contemptam
1309 2991 1503 3040 dolebat
1523 3027 1540 3053 ‚
1574 3005 1752 3051 quarn-

117 3053 207 3104 vis
244 3056 510 3119 ingeniosa
540 3055 653 3104 effet
678 3071 730 3104 ac
759 3057 963 3105 erudita.

193 3134 281 3184 25.
322 3118 666 3183 popularibus.
709 3120 969 3182 Popularia
1001 3155 1017 3182 ,
1071 3136 1185 3169 eum
1222 3121 1314 3169 hoe
1363 3121 1476 3168 loco
1514 3118 1757 3182 fignificat

116 3189 211 3245 qui
243 3185 317 3235 est
349 3185 562 3247 ejusdem
585 3186 749 3249 gentis
780 3186 836 3236 δε
871 3186 1046 3248 populi
1071 3205 1084 3236 ε
1110 3187 1356 3237 interdum
1375 3184 1442 3234 est
1463 3219 1478 3247 ‚
1520 3183 1604 3244 qui
1628 3181 1743 3233 fave
1766 3189 1791 3226 t

111 3251 367 3315 populo,
403 3251 485 3313 qui
517 3251 702 3313 populo
729 3266 892 3318 gratus
924 3250 1008 3303 est·
