2269 3773
460 161 622 269 328
877 161 1191 245 Horatii
1244 162 1680 247 Satirarum

554 289 690 417 ἕξω
718 290 868 361 pueri
906 312 996 350 ma
1040 292 1120 350 nis
1152 292 1182 350 ὲ
1219 292 1610 351 centurionibus
1644 291 1786 362 orti',

652 381 723 417 vo
759 361 982 434 suspensi
1039 368 1258 434 oeulos,
1299 365 1642 435 tabulamque
1678 368 1910 438 lacert0,

462 432 719 501 75.1bant
753 435 961 493 οᾶοοίε
998 434 1282 495 referentes
1314 436 1493 494 Idibus
1529 456 1658 495 aera.

555 503 661 560 Sed
696 524 920 573 puerum
953 509 1028 563 est
1047 508 1201 566 ausus
1230 510 1464 566 Romam
1498 525 1741 580 portare,
1777 506 2084 565 docendum

559 575 723 633 Artes
743 621 759 648 ‚
800 597 929 648 quas
967 579 1159 637 doceat
1197 580 1369 651 quivis
1407 580 1584 651 Eques
1606 623 1622 648 ,
1663 601 1715 637 at
1758 599 1821 636 ue
1851 581 2085 637 Senator

555 645 741 703 Scmct
773 665 1083 720 prognatos.
1117 652 1372 722 Vestem,
1412 651 1689 723 servosque
1739 671 2027 732 equente3‚

557 716 619 772 In
661 739 863 790 magno
900 740 958 778 ut
995 722 1197 794 populo
1228 722 1265 781 fi
1301 724 1417 795 quis
1445 722 1679 793 vidiffet‚
1715 725 1861 780 avita

466 790 551 844 80.
567 787 646 844 Ex
688 810 743 847 te
773 790 990 858 praeberi
1022 793 1227 853 sumtus
1271 795 1403 851 mihi
1440 794 1678 853 crederet
1716 794 1857 853 illos·

555 859 671 944 Ipse
711 862 844 917 mihi
882 867 1055 922 custos
1084 866 1551 937 incorruptiffimus
1588 887 1777 923 omnes

556 931 776 1013 Litfum
818 932 1065 994 doctores
1092 937 1288 997 aderat.
1320 938 1469 1012 Quid
1507 938 1714 997 multa?
1755 935 2050 1008 pudicum,

554 1001 670 1128 gur
704 1004 907 1072 primus
947 1008 1161 1067 virtutis
1204 1009 1403 1082 honos,
1448 1009 1676 1067 servavit
1709 1009 1777 1066 ab
1816 1010 1971 1066 omni

615 1095 687 1130 on
720 1075 894 1134 solum
912 1074 1056 1137 facio
1074 1125 1090 1153 ,
1131 1102 1321 1139 verum
1341 1081 1630 1154 opprobrio
1662 1101 1879 1154 quoque
1901 1079 2076 1151 turpii

467 1143 681 1226 85.Ncc
714 1147 928 1220 timuit,
959 1151 1049 1207 fibi
1086 1173 1154 1209 ne
1186 1154 1320 1212 vitio
1356 1153 1473 1225 quis
1503 1169 1761 1223 verteret,
1796 1152 1932 1209 olim

556 1216 613 1270 81
648 1238 819 1287 ptaeco
859 1242 1043 1291 parvas
1064 1268 1080 1296 ,
1115 1242 1209 1282 aut
1231 1268 1247 1292 ,
1287 1240 1349 1283 ut
1386 1223 1490 1282 fuit
1530 1224 1638 1294 ipse
1660 1269 1675 1296 ‚
1712 1225 1932 1281 coactor

553 1286 830 1351 Mercedes
870 1293 1140 1368 sequerer,
1179 1318 1352 1368 neque
1387 1316 1495 1369 ego
1527 1297 1689 1354 essem
1717 1299 1952 1369 questus·
1988 1293 2078 1351 Ob

744 1421 749 1426 .
817 1362 924 1422 hoc
959 1388 1098 1424 nunc

454 1501 2088 1538 w

457 1610 686 1658 centenis
720 1610 968 1661 interdum
1016 1625 1391 1662 numerarentur
1428 1610 1616 1660 milites
1655 1612 1711 1659 in
1744 1610 1956 1676 singulis
1976 1626 2080 1657 ma-

460 1673 652 1733 nipulis
674 1710 688 1735 ,
726 1690 912 1725 nomen
949 1677 1113 1723 tamen
1159 1676 1748 1726 centurionummansxt.
1777 1675 1940 1735 Maior
1972 1675 2083 1723 aliis

458 1750 562 1784 crat
600 1740 789 1800 primus
817 1741 1035 1790 cohortis
1058 1741 1229 1802 primae
1261 1742 1529 1804 Centurio,
1557 1754 1612 1787 ac
1634 1740 1962 1803 Primipilu3‚
1988 1740 2081 1789 five

459 1802 696 1850 Centurio
726 1804 971 1869 primipili
996 1811 1274 1858 vocabatur.

525 1880 605 1929 75.
632 1863 835 1922 030an
854 1909 869 1934 ‚
913 1868 998 1920 &c
1033 1873 1150 1921 Idus
1182 1888 1359 1922 vocata·
1382 1872 1496 1920 sunt
1535 1873 1715 1921 octona
1741 1905 1757 1933 ,
1798 1869 1916 1933 quia
1944 1868 2076 1919 inter

458 1935 628 1980 Nonas
666 1934 722 1984 δε
769 1938 915 2000 Idus,
937 1939 1040 1984 οᾶο
1077 1937 1183 1987 dies
1224 1939 1628 2000 intercedebant3
1658 1940 1818 1985 octava
1844 1972 1860 1997 ,
1895 1936 2077 1984 Iduum

460 1997 566 2045 dies
592 2013 708 2050 erat.
747 2007 1089 2050 Foeneratores
1128 2003 1318 2053 usuram
1342 1999 1491 2066 vulgo
1516 2004 1779 2066 exigebant
1803 2001 2039 2049 Calendis
2061 2034 2080 2058 ,

459 2061 510 2109 id
547 2063 613 2110 est
652 2068 808 2128 prima
844 2068 924 2116 die
957 2066 1186 2129 cujusque
1235 2067 1449 2127 mensis,
1487 2082 1541 2114 ac
1578 2066 1768 2117 rursum
1806 2066 2018 2126 Idibus,
2044 2065 2077 2113 fi

456 2126 611 2176 effent
644 2131 918 2194 avidiores,
955 2132 1044 2181 iste
1081 2132 1283 2182 Flavius
1303 2133 1526 2196 exigebat
1550 2131 1851 2193 stipendium
1886 2131 2081 2181 Idibus·

524 2190 797 2254 Refirentes
830 2217 927 2247 ara
967 2197 1160 2247 Idibus.
1183 2198 1391 2258 Quidam
1424 2197 1486 2244 sic
1519 2197 1805 2259 explicant:
1841 2197 2077 2245 Pecuniae

458 2256 666 2308 calculis
697 2276 873 2324 putatae
918 2263 1160 2312 rationem
1208 2264 1353 2311 domo
1393 2276 1697 2323 reportantes
1727 2261 1786 2309 in
1824 2261 2077 2320 scholam,

458 2327 863 2383 quemadmodum
900 2327 1057 2377 fuerat
1094 2328 1207 2390 ipfis
1240 2328 1267 2374 h
1307 2327 1537 2390 magistro
1584 2325 1920 2389 praescriptum
1952 2346 1966 2374 ε
2010 2326 2078 2373 ita

461 2401 517 2434 ut
531 2391 742 2438 calculos
762 2391 1029 2453 referrent,
1059 2393 1141 2441 seu
1167 2393 1591 2443 accommodarent
1625 2392 1682 2437 ad
1711 2391 1843 2438 diem
1866 2393 2072 2450 Iduum,

458 2451 511 2499 id
539 2455 605 2503 est
629 2490 644 2515 ‚
685 2471 916 2505 notarent
956 2473 1192 2519 quantum
1231 2455 1440 2505 foenuris
1466 2472 1553 2518 pro
1579 2470 1708 2503 certa
1733 2456 1946 2518 pecunia
1984 2454 2079 2505 Idi-

460 2518 551 2567 bus
581 2521 711 2585 exigi
747 2522 914 2583 poffet.
946 2529 1008 2571 In
1035 2539 1130 2584 quo
1158 2522 1313 2584 carpit
1336 2520 1539 2570 illorum
1562 2521 1818 2568 avaritiam
1843 2522 1924 2580 qui
1952 2535 2077 2569 artes

458 2582 694 2641 ejusmodi
733 2586 1070 2637 foeneratorias
1112 2587 1142 2634 a
1178 2587 1351 2635 liberis
1389 2586 1487 2635 suis
1527 2583 1674 2634 unice
1724 2586 1934 2647 perdisci
1972 2584 2079 2635 vel-

458 2645 587 2698 lent.
618 2650 708 2698 Ista
739 2653 971 2712 expositio
1002 2654 1198 2702 videtur
1223 2653 1423 2700 obscura
1454 2648 1510 2699 &
1547 2664 1718 2713 parum
1760 2650 1916 2698 latina
1948 2665 1960 2694 ε
1992 2666 2077 2699 re·—

454 2709 586 2761 ferre
636 2730 726 2763 cera
753 2717 922 2767 Idibus
944 2753 959 2779 ,
1001 2733 1122 2780 pro,
1157 2732 1387 2765 revocare
1422 2714 1845 2777 computationem
1875 2716 2078 2765 summae

456 2776 515 2821 ad
548 2780 664 2827 Idus
688 2816 704 2840 ,
743 2784 831 2832 Cre.

521 2841 603 2893 86.
646 2841 835 2897 Proeco.
860 2853 911 2896 Is
941 2849 1041 2910 est,
1082 2846 1166 2909 qui
1193 2845 1334 2911 leges
1356 2846 1618 2908 ferendas,
1653 2860 1740 2896 aut
1769 2847 1920 2896 edida
1942 2881 1957 2906 ,
1990 2860 2078 2895 re-

457 2906 585 2954 ‘citat'
610 2907 666 2955 in
713 2914 846 2961 curia
871 2949 886 2972 ,
925 2913 979 2961 in
1031 2914 1309 2974 concione,
1354 2911 1460 2962 &m
1500 2911 1582 2971 qui
1621 2927 1811 2960 merces
1854 2912 2080 2960 auctione

455 2971 715 3023 constituta
755 2979 1033 3028 vendendas
1062 2977 1313 3040 appellat,
1349 2978 1659 3027 licitantibus
1698 2977 1885 3025 addicit
1906 3011 1923 3037 ,
1973 2975 2085 3027 &c-

524 3035 736 3089 coaeter.
766 3042 1149 3104 Publicanorum
1191 3043 1504 3101 administer,
1542 3056 1595 3089 ut
1631 3042 1742 3090 vult
1771 3045 2077 3103 Lambinus,

456 3103 539 3162 qui
586 3106 815 3163 pecunias
860 3108 1033 3157 tributi
1068 3107 1277 3155 nomine
1320 3108 1543 3170 pensitari
1587 3106 1754 3155 soiitas
1788 3108 2078 3157 minutatim

454 3167 705 3229 exigebat,
745 3172 1103 3231 colligebatque
1150 3186 1161 3213 :
1196 3188 1321 3234 cogo
1360 3175 1496 3220 enim
1539 3174 1787 3221 interdum
1831 3174 2079 3239 fignificat
2153 3205 2160 3213 -

454 3230 585 3279 idem
623 3247 764 3295 atque
809 3236 996 3299 colligo
1037 3255 1051 3287 .·
1100 3235 1181 3286 vel
1223 3236 1421 3305 potius,
1466 3252 1521 3289 ut
1556 3240 1850 3289 Torrentius
1888 3241 2076 3301 docet,
