2269 3773
331 496 350 519 ἱ

358 127 459 220 33
473 134 523 186 2.
754 100 1069 184 Horatii
1122 97 1194 182 S
1197 99 1393 181 αῑὶνα
1403 126 1591 182 rum·

443 228 533 288 Te
567 226 722 300 pueri
742 271 760 298 ,
797 227 1034 285 lasanum
1074 242 1347 296 portantes
1369 270 1386 296 ,
1428 223 1930 296 oenophorumque.

357 326 479 366 1-10.
495 302 616 358 Hoc
636 319 745 370 ego
759 295 1096 356 commodius
1109 341 1125 369 ,
1152 298 1317 379 quarn
1339 314 1401 355 tu
1419 339 1434 366 ,
1455 298 1700 367 praeclare
1724 297 1958 355 Senator
1982 338 2005 364 ,

458 372 706 433 Mmibus
737 387 898 441 atque
940 368 1087 440 aliis,
1128 389 1275 427 vwo.
1306 367 1644 442 Quacunque
1676 367 1843 425 libido
1879 370 2005 441 est),

465 442 662 502 Incedo
704 442 878 510 solnm
923 456 1208 512 percontor
1248 440 1437 523 quanti
1472 442 1593 497 olus
1613 484 1630 511 ,
1670 460 1731 496 ac
1762 437 1880 504 fan
1902 466 1925 511 j

445 517 716 574 Fallacem
756 512 980 571 Circum
1053 510 1520 582 vespertinumque
1552 531 1771 582 peretto

462 585 614 657 Saepe
649 587 868 652 fotum;
910 556 1097 641 adsisto
1133 582 1323 640 divinis
1353 607 1367 641 :
1399 581 1521 640 inde
1557 582 1785 640 domum
1826 598 1923 638 me

368 658 591 729 115.Ad
629 656 778 727 porri
800 698 817 722 ‚
852 664 906 714 &
942 654 1122 714 ciceris'
1165 654 1336 712 refero
1365 656 1651 726 laganique
1697 653 1963 713 catinum.

468 730 647 788 Coena
684 727 1009 785 ministratur
1045 724 1222 795 pueris
1254 726 1453 798 tribu5‚
1498 726 1710 796 &lapis
1753 725 1907 782 albus

462 801 662 860 Pocula
684 819 808 858 cum
840 797 1044 873 cyatho
1073 797 1184 855 duo
1224 797 1438 857 sustinet
1480 820 1497 856 x
1531 801 1662 855 astat
1683 795 1905 855 echinus

370 934 2003 970 W

436 1037 546 1086 109.
581 1021 845 1085 Lustznum.
880 1031 976 1073 Vas
1003 1036 1336 1083 comparatum
1368 1022 1428 1068 ad
1467 1019 1647 1068 lotium
1677 1054 1693 1079 ‚
1744 1033 1827 1067 aut
1851 1019 2007 1068 etiam

331 1071 345 1085 ⁹
371 1090 562 1138 ventris
605 1105 731 1137 onus
758 1089 1104 1151 excipiendum
1125 1123 1141 1146 ,
1188 1088 1316 1147 quod
1341 1086 1472 1134 sellae
1499 1084 1810 1132 familiaricae
1842 1083 2005 1145 subji-

370 1156 520 1209 citur.
547 1154 758 1213 Quidam
798 1170 882 1202 vas
916 1153 1218 1202 culinarium
1250 1151 1639 1213 interpretantur
1669 1185 1684 1210 ,
1713 1149 1846 1207 quod
1869 1150 2007 1195 unde

370 1218 666 1280 sumpserint
688 1234 795 1266 non
829 1219 973 1267 video
1000 1219 1155 1266 :hanc
1179 1216 1319 1264 enim
1355 1214 1769 1280 significationem
1803 1214 2006 1261 codices

372 1284 647 1332 auctos-esve
666 1283 825 1332 Graeci
846 1319 861 1344 ‚
885 1300 942 1331 ex
968 1283 1146 1347 quibus
1169 1281 1419 1344 desumpta
1444 1295 1534 1329 vox
1556 1279 1777 1328 lasanum
1795 1314 1812 1340 ,
1837 1278 2014 1326 λάσα-

375 1363 492 1408 νσν,
533 1348 665 1397 nulli
703 1350 904 1398 habent.

444 1413 807 1475 oenophorum.
831 1419 928 1462 Vas
949 1410 1200 1461 vinarium
1227 1429 1240 1460 τ
1267 1413 1327 1458 ab
1359 1407 1484 1466 οἶνος
1503 1446 1518 1471 ,
1559 1410 1725 1460 vinum
1744 1442 1759 1470 ,
1791 1407 1847 1456 &
1866 1405 2017 1471 φέρω

379 1493 523 1540 porto
551 1492 565 1521 ε
594 1475 866 1542 οὶνόφορος.
901 1479 1095 1526 Idcirco
1121 1490 1284 1525 autem
1320 1475 1550 1540 lagenam
1585 1475 1784 1537 jubebat
1813 1473 2016 1520 inservio

378 1541 552 1606 gestari
577 1576 593 1600 ‚
621 1557 684 1590 ne
725 1543 899 1589 vinum
934 1544 963 1590 a
998 1542 1306 1604 cauponibus
1333 1542 1523 1588 sumere
1549 1552 1805 1604 cogeretur
1842 1551 1856 1581 ε
1890 1537 2014 1598 vel,

377 1621 432 1654 ut
463 1606 630 1654 eadem
678 1607 734 1653 in
777 1607 880 1668 ipso
914 1623 1060 1655 curru
1101 1606 1159 1655 ὃ(
1194 1606 1376 1653 itin.re
1416 1620 1653 1653 uteretur.

395 1706 403 1713 .
446 1683 557 1732 113.
603 1667 810 1717 Circum.
851 1677 965 1718 Erat
1014 1670 1188 1718 Circus
1215 1706 1232 1730 ‚
1268 1676 1314 1717 le
1357 1667 1525 1732 Cir-que
1554 1704 1568 1731 ‚
1601 1669 1812 1730 spatium
1854 1668 2016 1717 ferme

377 1734 645 1795 totundum
662 1769 678 1795 ‚
703 1734 852 1782 instar
886 1734 1093 1796 oblongi
1126 1734 1304 1782 circuli
1328 1768 1342 1793 ‚
1359 1734 1547 1796 septum
1579 1734 1805 1782 aedificiis
1830 1733 1885 1782 δε
1903 1749 2021 1794 por-

380 1798 592 1855 ticibus,
629 1799 763 1846 unde
792 1798 900 1846 ludi
957 1798 1146 1860 publici
1181 1799 1512 1860 spestabantur
1539 1834 1554 1859 ‚
1594 1797 1650 1847 8t
1695 1799 1967 1846 certamina
1997 1834 2016 1859 ,

383 1862 655 1928 praesertim
696 1862 907 1913 curulia.
954 1869 1074 1912 Tres
1114 1879 1254 1912 erant
1288 1870 1459 1911 Romae
1508 1863 1743 1928 praecipui
1785 1876 1800 1907 ε
1835 1864 2016 1914 Circus

383 1930 625 1978 maximus
643 1964 658 1990 ,
682 1930 813 1978 inter
844 1930 1126 1978 Palatinum
1148 1930 1205 1978 fit
1229 1929 1542 1977 Aventinum
1569 1944 1766 1977 montes
1787 1944 1800 1973 τ
1822 1930 2022 1978 Flami·

384 1995 503 2042 nius
524 2029 539 2055 ‚
569 1993 668 2043 five
702 1994 1007 2057 Apollinaris
1028 2030 1045 2057 ,
1070 2009 1178 2042 non
1199 1994 1374 2057 procul
1396 1997 1422 2044 h
1448 1995 1617 2045 Tiberi
1630 2010 1649 2059 3
1686 1994 1744 2044 &
1766 1997 2023 2047 Neronia·

388 2074 485 2108 nus
517 2095 532 2120 ‚
569 2059 624 2106 in
653 2060 914 2109 Vatican0.

455 2120 721 2174 Fallacem.
749 2124 849 2177 Ubi
873 2124 1052 2176 harioli
1079 2121 1137 2173 δί
1165 2123 1402 2187 gemines
1424 2138 1679 2175 morantur
1701 2145 1714 2174 ε
1734 2126 1854 2174 item
1872 2123 2023 2175 insti-

390 2200 524 2235 tores
566 2190 737 2237 dolosi.

468 2249 819 2317 Vespertinum.
838 2254 980 2303 Reae
1001 2292 1015 2315 ‚
1040 2254 1203 2316 inquit
1222 2254 1543 2321 Torrentiu93
1562 2256 1860 2306 matutinum
1884 2256 2028 2308 enim

395 2316 558 2365 forum
602 2320 777 2368 litibus
822 2320 1127 2384 negotiisque
1170 2321 1509 2383 perstrepebat.

407 2431 416 2448 ᾗ
462 2398 571 2439 114.
607 2383 839 2433 Divinis.
881 2386 1325 2450 Ptaestigiatoribus
1352 2425 1368 2449 ‚
1429 2387 1511 2447 qui
1562 2400 1714 2434 artem
1760 2386 2027 2435 divinandi

394 2449 708 2510 profitentur.
753 2451 1030 2514 Aretalogis
1062 2486 1077 2510 ‚
1118 2451 1424 2502 somniorum
1472 2452 1829 2509 interpretibus
1851 2488 1866 2510 ‚
1901 2450 2026 2507 ’δία

391 2512 657 2587 Lafnbinus
688 2515 854 2563 censet
874 2551 888 2576 ,
915 2517 1117 2566 divinis.
1151 2517 1251 2564 dici
1288 2534 1396 2581 pro,
1412 2516 1667 2565 sacrificiis
1700 2517 1917 2579 publicis
1940 2532 2029 2565 aue

397 2591 647 2639 privatis,·
687 2594 773 2640 pro
795 2614 810 2640 ,
860 2581 1008 2629 rebus
1044 2581 1253 2631 divinit».

466 2654 578 2700 115.
612 2640 761 2716 Porri
787 2678 804 2704 ,
854 2642 959 2693 &c.
997 2652 1205 2696 Portum
1227 2684 1241 2710 ‚
1293 2648 1457 2711 cicer,
1500 2646 1756 2713 legumina
1791 2646 1927 2695 sunt.

467 2702 679 2818 luggam.
709 2715 953 2771 Laganum
973 2744 988 2769 ,
1024 2711 1262 2772 placentae
1303 2730 1495 2779 genus,
1523 2711 1795 2763 confectum
1835 2711 1861 2760 ὲ
1892 2710 2034 2758 fimi·

400 2767 449 2815 la
474 2804 488 2829 ‚
633 2770 746 2818 oleo
788 2774 1000 2822 recenti.
1045 2779 1188 2839 Legit
1238 2777 1503 2828 Lambinus
1556 2776 1785 2838 lachani,
1826 2777 2034 2836 vultque

403 2850 579 2909 {ocem
601 2841 817 2883 Graecam
839 2872 853 2897 ,
886 2836 1115 2899 λάχανον
1137 2876 1152 2902 ,
1194 2860 1301 2903 quae
1330 2844 1440 2893 olus
1467 2845 1706 2908 fignificat
1724 2876 1739 2902 ,
1780 2844 1838 2889 ab
1866 2848 2030 2889 Hora-

403 2912 477 2976 tio
514 2901 594 2948 hic
631 2901 878 2954 latinitate
914 2906 1162 2957 donatam.
1220 2916 1283 2957 In
1313 2924 1408 2969 quo
1446 2924 1668 2957 veterum
1694 2907 1920 2954 omnium
1945 2921 2036 2952 co-

408 2966 575 3013 dicum
612 2968 944 3034 austeritatem
982 2970 1038 3022 &
1057 2972 1204 3023 fidem
1228 3010 1245 3037 ,
1273 2974 1418 3024 nullo
1458 2977 1592 3022 bono
1639 2971 1697 3022 &
1725 2985 1862 3022 certo
1889 2971 2038 3020 nixus

395 3043 697 3095 -nrgumento
721 3071 735 3096 ,
778 3034 984 3096 spernit.

476 3094 717 3149 Carinum.
763 3102 995 3162 catinus,
1027 3116 1113 3149 vas
1140 3103 1377 3154 escarium
1396 3138 1414 3169 ,
1463 3102 1552 3154 ubi
1587 3100 1773 3166 pultem
1797 3136 1815 3165 ‚
1845 3113 1929 3150 aut
1953 3099 2043 3165 ju,-

406 3163 595 3217 tulenti
629 3167 874 3232 quidpiam
910 3170 1181 3231 ponebant.
2038 3187 2047 3192 ·
