2269 3773
523 170 700 256 Lib.
761 167 880 255 II.
942 162 1215 256 Satira
1278 173 1444 258 III.
1619 193 1789 293 407

152 301 280 365 *tim
326 301 639 365 denunciat
672 305 879 386 palam
904 351 923 381 ‚
970 325 1037 368 ut
1066 308 1352 391 poflria’ie
1396 305 1564 371 mane}
1611 316 1692 370 ad
1720 311 1795 392 se

155 392 405 454 veniant
441 388 771 473 piscatores
792 441 815 474 ‚
855 397 1159 475 pomarii,
1200 416 1484 478 aucupes,
1526 418 1799 482 unguen-

161 481 356 559 tarii,
399 486 713 566 caeterique
756 485 822 544 id
856 501 1038 567 genus
1071 485 1336 547 homines
1363 485 1649 567 improbi,
1695 488 1798 571 qui

170 568 273 635 Tu
305 587 434 630 cum
481 571 746 632 incolunt
784 570 1011 651 vicum,·
1040 567 1271 651 fhurrae
1288 619 1311 650 ,
1351 572 1654 656 sartura,
1693 577 1799 659 qui

165 676 205 715 o
273 658 434 719 cinas
472 659 535 718 in
586 656 879 737 Velabro,
921 656 980 721 f?
1017 662 1081 722 in
1120 660 1366 723 macello
1389 659 1534 742 suas
1559 662 1796 729 lzahent.

166 743 349 824 Quid
367 745 573 807 deinde
592 741 627 809 ?
676 747 1026 810 conveniunt
1059 747 1155 810 illi
1182 749 1414 810 domum
1449 749 1794 833 adolescens·

166 833 249 892 tis
265 835 599 917 gregate'm;
631 838 860 916 primus
881 839 1140 898 omnium
1165 837 1294 899 leno
1327 838 1416 922 fic
1452 842 1666 920 incipit
1689 860 1793 902 ce·-

165 937 431 981 terorum
478 925 712 985 nomine
761 943 780 986 .·
820 926 1235 1010 Quodcumque
1274 928 1435 988 domi
1479 946 1626 988 meae
1663 929 1791 1012 est,

165 1010 589 1095 quodcumque„
628 1011 723 1098 isti
758 1014 998 1094 pariter
1030 1015 1203 1081 domi*
1230 1010 1367 1095 suae
1424 1014 1681 1097 liabent,
1729 1017 1804 1080 id

167 1115 347 1158 omne
391 1100 469 1159 ad
500 1117 557 1160 te
591 1103 890 1180 pertinere
917 1121 1105 1182 puta,
1153 1103 1326 1185 idque
1357 1103 1450 1164 vel
1483 1123 1668 1182 nunc,
1707 1104 1805 1166 vel

166 1202 307 1246 cras
327 1231 350 1265 ‚
380 1185 436 1271 fi
480 1185 749 1269 libuerit,
779 1185 1021 1270 accerse.
1048 1189 1218 1254 Audi
1241 1190 1388 1272 quid
1397 1188 1633 1275 juvenis
1653 1212 1798 1253 mu·-

165 1271 380 1354 nificus
419 1272 667 1359 benigne.
700 1273 1061 1360 responderit
1111 1295 1129 1340 .·
1177 1279 1270 1339 Tu
1314 1279 1473 1341 inter
1509 1281 1800 1343 Lucaniae

167 1364 333 1423 nives
359 1378 537 1423 etiam
565 1385 694 1426 cum
721 1367 905 1429 ocreis
935 1361 1242 1447 pernoc7as
1276 1385 1342 1428 ut
1363 1367 1565 1450 capias
1590 1387 1800 1448 aprum

167 1468 287 1531 quo
331 1445 574 1531 vescam
639 1472 701 1516 tu
732 1445 1022 1536 scruiaris
1066 1474 1227 1516 mare
1251 1489 1300 1532 ‚·
1328 1473 1395 1516 ut
1447 1475 1521 1516 ex
1567 1473 1632 1514 eo
1682 1475 1804 1538 per

166 1535 442 1622 hyemem
473 1539 666 1624 pisces
704 1563 919 1629 magno
958 1541 1158 1606 labore
1202 1543 1481 1622 extrahas
1490 1564 1520 1626 ,ἡ
1556 1561 1660 1627 ego
1709 1546 1798 1607 in-

165 1629 349 1686 terim
378 1624 581 1712 segnis
619 1629 790 1692 domi
818 1651 966 1694 meae
996 1628 1134 1712 sum
1175 1627 1233 1692 δ’
1267 1629 1524 1713 otiosus,
1561 1634 1699 1692 dum
1740 1650 1799 1695 te

170 1715 312 1779 med
350 1720 527 1779 causti
565 1715 856 1805 defatigas
890 1735 910 1780 .·
948 1738 1019 1781 ne
1058 1720 1331 1802 indignus
1357 1721 1470 1804 fim
1492 1767 1510 1799 ,
1544 1720 1646 1803 qui
1673 1737 1797 1782 tam
1884 1752 1893 1757 ,
1950 1783 1965 1797 x

167 1802 401 1883 amplas
437 1804 754 1890 poffideam
803 1827 975 1889 opeS‚
1018 1808 1126 1893 nisi
1149 1825 1386 1889 partem
1431 1827 1631 1889 earum
1674 1808 1800 1870 ali-

169 1912 352 1978 quam
395 1893 503 1955 tibi
531 1893 758 1979 largiar
769 1918 795 1975 ‚·
832 1896 962 1970 lzem
981 1941 1003 1973 ,
1045 1915 1188 1980 cape
1219 1898 1404 1957 decies
1429 1916 1669 1959 centena
1677 1894 1800 1981 ses-‘-

171 1984 485 2042 tertiorum
518 1982 711 2045 millia
754 2002 771 2044 .·
806 2001 883 2044 tu·
903 1986 1147 2046 totidem
1180 1986 1416 2065 accipe,
1456 2002 1518 2045 tu
1555 1985 1798 2067 triplum

145 2065 346 2150 sume.
401 2069 627 2154 AEfhpi
651 2071 824 2157 filius
852 2071 1211 2151 praclarum
1256 2074 1529 2134 unionem
1565 2068 1602 2133 ὰ
1641 2074 1800 2134 Me-

168 2156 337 2219 tellae
383 2159 647 2221 auricula
694 2162 1026 2242 dereptum,
1075 2178 1237 2221 aceto
1284 2160 1546 2222 adhibito
1592 2160 1796 2245 liqua-

166 2248 294 2320 vit,
346 2247 625 2310 nimirum
667 2265 737 2310 ut
779 2248 982 2331 liaustu
1008 2268 1124 2309 uno
1170 2249 1401 2333 integra
1441 2250 1624 2310 decies
1662 2251 1830 2311 cen·'

163 2522 225 2572 in
260 2536 468 2582 quatuor
501 2522 647 2571 libris
690 2521 875 2569 calamo
907 2520 1109 2571 exaratis
1150 2521 1180 2569 h
1229 2523 1277 2571 se
1318 2522 1573 2570 inventam
1613 2535 1798 2571 narrat.

239 2599 357 2651 237.
392 2586 594 2635 Decies.
631 2586 842 2635 subaudi
885 2602 1095 2637 centena
1129 2586 1396 2637 sestertium
1431 2585 1625 2635 millia:
1647 2585 1803 2635 libras

168 2652 389 2704 Gallicas
436 2666 636 2701 centum
672 2652 855 2702 millia.
1254 2698 1256 2701 ,

236 2716 353 2780 238.
390 2715 593 2779 AEsopi.
632 2717 822 2764 Astoris
861 2715 1149 2767 nobiliffimi
1174 2751 1190 2775 ,
1225 2732 1368 2777 quem
1413 2716 1590 2765 Cicero
1634 2714 1801 2777 pluri-

171 2785 266 2831 bus
307 2782 436 2830 locis
478 2780 724 2844 praedicat.
755 2781 873 2843 Ejus
916 2783 1054 2832 filius
1085 2781 1291 2829 Clodius
1330 2781 1567 2843 AEsopus,
1601 2780 1659 2828 de
1701 2796 1800 2840 quo

169 2847 254 2895 hic
296 2846 456 2911 agitur
479 2883 495 2908 ,
540 2845 663 2908 patri
700 2860 873 2894 caetera
910 2845 1258 2894 diffimillimus
1294 2845 1395 2894 fuit
1418 2882 1433 2908 ,
1475 2848 1565 2894 hac
1611 2859 1710 2893 una
1741 2844 1800 2894 in

168 2926 224 2961 re
250 2910 331 2958 illi
378 2925 461 2972 par
501 2926 555 2957 ac
591 2925 741 2972 prope
766 2910 985 2972 supenor
1005 2948 1021 2972 ,
1045 2910 1172 2970 quod
1208 2909 1266 2957 in
1290 2909 1562 2973 sumptibus
1589 2907 1646 2959 δί
1680 2909 1798 2957 luxu

112 2967 134 2979 ⁶
171 2977 375 3024 modum
406 2974 603 3021 nussum
637 2988 846 3022 teneret.
884 2973 1008 3022 Cum
1041 2973 1126 3035 ipfi
1157 2973 1359 3021 Metella
1398 2975 1616 3034 quaedam
1643 2973 1800 3022 unio·

169 3054 290 3089 nem
315 3038 517 3086 dediss'et
538 3053 735 3087 centum
763 3037 986 3088 millibus
1026 3045 1325 3086 Francorum
1349 3053 1661 3086 nummorum
1684 3053 1801 3085 con-

170 3102 380 3158 stantem
403 3138 418 3164 ,
456 3102 660 3164 AEsopus
708 3118 819 3150 eum
860 3117 996 3151 aceto
1036 3116 1330 3149 maceratum
1362 3102 1509 3150 solvit
1559 3100 1615 3151 Sc
1652 3102 1798 3151 bibit.

170 3175 303 3231 Lege
338 3168 482 3216 Plin.
521 3168 632 3220 Lib,
669 3172 755 3216 IX.
778 3182 823 3215 c.
857 3181 937 3232 35.
959 3164 1094 3219 δικ.
1121 3182 1231 3229 cap.
1263 3180 1342 3230 51.
1365 3166 1612 3221 Valerium
1633 3165 1798 3216 maxi-

173 3247 313 3283 mum
347 3232 458 3283 Lib.
492 3239 578 3285 lx.
610 3246 723 3295 cap.
770 3245 819 3282 ι.
1748 3271 1751 3274 -
