2269 3773
463 255 629 337 274
836 224 1152 308 Horatii
1206 220 1665 306 Satirarum

550 362 796 431 Natura,
835 377 930 417 aut
971 361 1137 417 ctiam
1169 358 1495 417 consuetudo
1527 360 1666 416 mala
1705 383 1720 417 :
1761 378 2003 433 namque
2084 407 2095 414 .

551 434 833 504 Neglestis
864 431 1063 490 urenda
1105 430 1217 490 filix
1247 432 1531 489 innascitur
1565 432 1731 503 agriS.

548 507 687 563 Illuc
719 522 1103 575 ptaevertamur
1140 527 1154 561 ε
1194 521 1495 561 amatorem
1527 503 1676 575 quod
1715 504 1903 562 amicae

550 577 763 647 Turpia
798 576 1067 648 decipiunt
1086 596 1287 633 caecum
1307 576 1439 633 vitia
1459 619 1476 647 ,
1517 595 1611 633 aut
1640 575 1807 634 ctiam
1836 578 1954 648 ipsa
1976 571 2107 635 haec

456 650 845 722 40.Dele&ant
864 694 881 722 ,
918 649 1088 706 veluti
1110 647 1399 706 Balbinum
1432 647 1667 719 polypus
1705 649 1952 720 HagneS.

555 721 772 779 Vellem
812 720 868 777 in
902 719 1136 778 amicitia
1174 717 1242 775 fic
1273 739 1570 777 erraremus
1589 763 1607 789 ,
1651 729 1706 777 δε
1742 720 1829 778 isti

554 792 741 851 Errori
761 811 958 850 nomen
993 792 1166 850 virtus
1195 790 1449 860 posuisset
1487 789 1791 849 honestum.

553 865 671 937 At,
707 883 856 935 pater
899 883 960 921 ut
997 865 1151 937 nati,
1188 861 1256 919 fic
1292 883 1390 920 nos
1429 862 1688 921 debemus
1727 864 1930 937 amici,

554 937 612 993 Si
651 934 796 1007 quod
837 934 900 992 fit
934 934 1128 993 vitium
1149 978 1170 1005 ,
1205 954 1316 991 non
1341 933 1595 995 fastidire.
1629 936 1961 995 Strabonem

459 1008 821 1081 45.Appellat
855 1024 1058 1078 paetum
1101 1025 1281 1078 pateis
1324 1007 1629 1078 &pullum
1646 1052 1664 1080 ,
1708 1009 1856 1065 male
1891 1028 2104 1081 parvus

555 1080 614 1137 Si
657 1081 744 1138 cui
781 1078 924 1138 filius
967 1081 1042 1137 est
1062 1123 1080 1152 ,
1118 1099 1180 1138 ut
1215 1078 1486 1137 abortivus
1521 1077 1625 1136 fuit
1659 1079 1795 1136 olim

560 1150 858 1225 Sisyphum
891 1149 1065 1222 hunc,
1097 1170 1319 1222 varum,
1360 1149 1592 1208 distortis
1623 1152 1900 1214 cruribus3
1935 1152 2102 1210 illum

559 1222 801 1282 Balbutit
825 1223 1104 1296 scaurum,
1144 1221 1321 1291 pravis
1360 1221 1558 1279 fultum
1602 1222 1747 1279 male
1785 1224 1928 1286 talis,

557 1295 775 1356 Parcius
815 1294 903 1351 hic
943 1294 1108 1366 vivit,
1150 1292 1300 1364 frugi
1328 1292 1551 1353 dicatur.
1588 1293 1844 1363 luemus?

467 1367 643 1438 50.Et
677 1367 963 1439 jactantior
999 1365 1088 1423 hic
1116 1365 1284 1436 paulo
1320 1368 1433 1425 est?
1463 1364 1748 1423 concinnus
1778 1366 1969 1425 amicis

531 1599 612 1649 37.
639 1584 803 1634 Fizix.
841 1588 1001 1633 Herba
1034 1586 1260 1648 inutilis,
1300 1586 1358 1635 in
1394 1588 1528 1651 agris
1562 1587 1774 1637 incultis
1796 1589 1952 1654 vulgo
1989 1589 2105 1640 fru-

463 1650 660 1711 ticans,
710 1656 765 1699 de
805 1657 855 1698 la
871 1650 1094 1715 fougere.

535 1714 616 1778 38.
649 1712 1020 1765 Praevertamur.
1060 1716 1329 1777 Praeveni,
1367 1716 1436 1765 est
1479 1730 1785 1766 antevertere
1801 1754 1817 1780 ,
1858 1716 1995 1781 prius
2016 1736 2105 1769 ve-

464 1778 578 1828 nire
604 1815 620 1840 ,
662 1795 929 1841 occupare:
967 1780 1121 1842 priori
1166 1782 1283 1829 loco
1317 1783 1481 1831 facere
1522 1783 1769 1845 quidpiam
1810 1799 1893 1831 aut
1934 1784 2103 1845 loquj.

463 1844 722 1894 Sententia
764 1843 853 1892 effe
889 1845 1057 1908 potest.
1103 1851 1239 1894 Hanc
1266 1846 1433 1908 potius
1466 1848 1711 1896 rationem
1734 1847 1960 1898 ineamus
1985 1869 2000 1899 :
2023 1867 2105 1901 cx·

467 1911 712 1959 cutiamus
759 1909 921 1957 nostra
963 1911 1118 1973 vitia,
1155 1926 1412 1972 antequam
1449 1913 1802 1978 investigemus
1847 1915 2035 1963 aliena.

491 2042 503 2051 ῃ
536 1989 614 2039 39.
641 1973 913 2038 Decipiunt
942 1975 1087 2026 vitia.
1121 1983 1240 2027 Non
1277 1978 1730 2028 animadvertuntur
1752 2013 1770 2040 ,
1797 1995 1959 2041 neque
1978 1981 2106 2031 sen-

466 2056 679 2090 suuntur.

534 2121 615 2164 40.
637 2104 876 2171 Polypus.
905 2105 1108 2156 Narium
1140 2105 1210 2154 est
1245 2109 1477 2169 morbus,
1523 2124 1634 2156 cum
1682 2110 1945 2158 caruncula
1977 2111 2098 2160 naso

465 2172 773 2234 innascitur,
807 2172 946 2220 fibris
998 2170 1152 2218 variis
1188 2184 1414 2231 tanquam
1450 2174 1742 2234 pedunculis
1784 2190 2059 2238 prorepens
2082 2213 2100 2239 ,

465 2239 716 2287 interdum
765 2252 898 2286 extra
933 2237 1103 2284 nasum
1143 2255 1157 2283 ε
1207 2237 1271 2283 ἦε
1304 2236 1459 2285 ᾶίἂιιε
1492 2237 1523 2284 h
1555 2239 1740 2302 polypo
1779 2240 1912 2300 pisce
1954 2255 1967 2284 ε
2010 2245 2097 2304 qui

448 2304 653 2351 ›multos
686 2303 832 2363 pedes
869 2304 1039 2361 habet,
1083 2299 1274 2362 πολὺς,
1295 2308 1472 2351 multus
1498 2339 1518 2364 ‚
1541 2301 1663 2367 orac,
1681 2321 1770 2368 pes
1787 2339 1806 2364 ,
1832 2303 2098 2364 πολύπους

471 2369 705 2432 polypus.
1718 2418 1725 2425 ,

536 2449 618 2489 44.
657 2430 957 2481 Strabonem.
988 2436 1039 2479 Is
1078 2430 1147 2479 est
1168 2431 1250 2492 qui
1281 2432 1453 2481 ocuios
1475 2434 1620 2482 habet
1651 2435 1874 2483 distortos
1901 2450 1914 2478 ε
1942 2439 2026 2498 qui
2064 2456 2097 2486 ι

458 2505 545 2547 ,les
571 2515 698 2561 μια-
720 2511 928 2560 tour-nez.
963 2502 1161 2557 Paetus,
1198 2495 1280 2557 qui
1320 2498 1591 2559 nictantes,
1613 2499 1926 2550 semiclausos
1946 2537 1960 2561 ‚
1991 2517 2099 2552 tre-

471 2562 634 2609 mulos
657 2597 672 2623 ‚
714 2561 771 2611 &
800 2562 980 2609 leviter
1016 2561 1289 2610 declinatus
1307 2598 1323 2623 ‚
1353 2563 1434 2626 qui
1455 2570 1646 2628 regarde
1678 2584 1742 2614 un
1763 2585 1856 2627 peu
1895 2574 1950 2616 de
1976 2572 2101 2630 co‘te',

469 2627 552 2689 qui
583 2623 648 2688 est
685 2644 746 2673 un
773 2644 865 2686 peu
900 2629 1083 2676 touche.
1136 2627 1380 2686 Quocirca
1415 2631 1668 2679 Strabonis
1715 2631 1895 2680 vitium
1940 2633 2099 2684 multo

468 2691 537 2738 est
575 2689 845 2737 deformius
869 2725 885 2750 ,
922 2691 1064 2749 quim
1103 2692 1252 2739 Paeti.
1484 2728 1491 2733 .
2072 2738 2083 2743 -

534 2768 615 2814 45.
643 2751 861 2802 Pullum.
902 2754 1044 2814 Quafi
1070 2756 1300 2817 pusillum
1320 2757 1578 2821 :exiguum
1602 2779 1615 2808 ε
1638 2779 1701 2809 un
1724 2764 1911 2812 homme
1936 2769 1991 2813 de
2012 2783 2100 2826 pe-

472 2820 559 2867 tite
581 2819 737 2868 tuille.
769 2818 908 2882 Legit
925 2819 1170 2883 Heinfius,
1191 2819 1391 2873 Parum.
1415 2825 1711 2875 Putusidem
1726 2827 1792 2875 est
1808 2844 1860 2876 ac
1879 2830 2105 2890 pusillus,

444 2903 450 2907 ·
538 2885 618 2942 46.
657 2883 947 2935 Αινοηὶνιις.
982 2891 1054 2933 Ita
1090 2886 1301 2949 dicitur,
1338 2888 1491 2937 foetus
1510 2891 1636 2939 male
1655 2908 1841 2957 natus;
1876 2910 1991 2944 ante
2024 2899 2101 2944 so-

475 2949 624 2998 litum
661 2964 855 3013 tempus
887 2951 1048 3000 editus
1076 2987 1092 3012 ,
1123 2951 1378 3004 informis,
2072 2977 2079 2982 ·

540 3030 623 3082 47.
654 3012 909 3079 Sisyphus.
943 3023 1142 3065 Nomen
1176 3016 1242 3066 est
1278 3019 1422 3081 pueri
1455 3020 1549 3067 boc
1595 3021 1649 3068 in
1685 3022 1818 3072 loco.
1852 3030 1905 3072 Is
1936 3029 2103 3075 Anto·

455 3079 551 3127 ‘nii
593 3080 862 3130 Triumviri
884 3082 1128 3143 pumilio,
1154 3083 1239 3130 etfi
1283 3099 1425 3132 aetate
1467 3084 1766 3146 aliquantum
1808 3094 2101 3154 provefflis,

459 3146 596 3193 duos
620 3161 784 3194 tamen
830 3148 977 3208 pedes
1019 3148 1363 3212 magnitudine
1397 3165 1501 3197 non
1532 3156 1752 3211 aequabat
1780 3168 1793 3196 :
1834 3154 2100 3217 caet'cro'qui

469 3209 608 3277 ‘vafer
652 3209 710 3260 &
746 3211 979 3260 subdolus
1021 3231 1034 3260 :
1069 3217 1382 3272 quamobrem
1419 3215 1571 3277 dicius
1603 3217 1672 3264 est
1706 3218 1980 3281 Sisyphus:
2005 3241 2097 3284 quo

476 3276 682 3326 nominc
705 3276 975 3341 appellatus
998 3275 1096 3326 fuit
1121 3277 1244 3326 olim
1263 3280 1391 3341 AEoii
1414 3279 1554 3331 filius
1570 3315 1588 3347 ‚
1608 3282 1757 3331 homo
1768 3284 2099 3343 astutiffimus.
